3025 4925
1009 423 1630 486 PROLEGOMENA.
2274 444 2396 483 xrx

286 592 474 684 144,
523 590 923 666 chartaceus
975 590 1198 665 forma
1248 592 1573 687 quadrata
1622 590 1858 666 seculo
1906 590 2040 664 XV
2080 594 2396 688 scriptus,

282 722 473 795 cuius
542 721 774 794 varias
834 717 1172 792 lectiones
1255 718 1765 792 accuratissime
1832 740 1873 790 a
1941 739 2022 791 se
2087 729 2396 794 enotatas

281 867 546 921 mecum
600 845 1126 919 communicavit
1174 845 1421 918 Maur.
1475 844 1659 917 Hau
1676 845 1926 941 ptius.

434 972 707 1047 Codicis
759 974 830 1044 in
880 970 1288 1045 bibliotheca
1325 970 1742 1045 Leidensi
1794 972 1974 1044 inter
2016 970 2398 1045 Vossianus

280 1100 643 1174 historicos
694 1099 963 1172 formae
1012 1097 1381 1193 quadratae
1431 1120 1500 1170 ιι.
1546 1097 1635 1170 11
1695 1100 1991 1188 servati,
2041 1120 2082 1169 a
2134 1101 2397 1170 recenti

281 1248 503 1299 manu
557 1227 828 1321 scripti,
893 1224 1229 1300 lectiones
1290 1226 1363 1298 iu
1420 1224 1740 1299 ‘editione
1799 1221 2398 1320 Haverkampiana

282 1353 509 1426 editae
562 1359 737 1427 sunt.
838 1350 1155 1424 Eundem
1207 1374 1367 1427 esse
1418 1354 1768 1448 suspicor,
1821 1354 2014 1425 cuius
2064 1351 2398 1426 lectiones

280 1482 572 1575 margini
624 1478 942 1586 editionis
987 1479 1370 1574 adscriptae
1423 1487 1604 1569 sunt,
1650 1500 1824 1573 quae
1861 1501 1957 1550 ex
1990 1477 2399 1550 bibliotheca

278 1603 811 1680 Uffeuhachiana
864 1607 972 1697 (v.
1022 1604 1183 1677 bibl.
1239 1589 1506 1678 Uffenb.
1555 1604 1658 1677 III
1709 1627 1774 1700 p.
1799 1603 1903 1678 36
1951 1627 2018 1675 n
2061 1604 2255 1696 233)
2326 1607 2397 1677 in

281 1732 775 1807 Dorvillianam
825 1733 1165 1829 pervenit.
1284 1730 1460 1804 Nam
1523 1733 1870 1825 utriusque
1933 1731 2189 1805 codicis
2239 1732 2398 1804 lec-

281 1862 505 1934 tiones
558 1860 961 1956 saepissime
1008 1861 1190 1930 iuter
1239 1880 1319 1932 se
1371 1861 1802 1954 conspirant3
1841 1858 1956 1929 ubi
2004 1859 2399 1954 discrepare

281 1985 639 2078 videntur,
690 1986 1087 2084 plerumque
1140 1984 1411 2079 quidem
1462 2006 1559 2057 ex
1608 1982 1824 2057 altero
1875 1983 2209 2060 lectiones
2262 1988 2398 2058 ad-

253 2114 636 2205 ·feruntur‚
699 2113 788 2185 de
855 2112 1069 2184 altero
1112 2120 1412 2202 tacetur,
1476 2120 1551 2183 ut
1598 2110 1673 2183 fit
1721 2114 1794 2188 iu
1845 2111 2197 2186 codicibus
2257 2136 2399 2186 neu
2483 2207 2496 2216 ἢ

281 2249 603 2315 accurate
654 2239 978 2329 conlatis3
1027 2260 1167 2311 uon
1218 2240 1349 2311 nisi
1398 2239 1748 2313 rarissime
1803 2263 1898 2313 ex
1947 2249 2235 2335 utroque
2281 2241 2398 2312 di-

281 2390 493 2443 versa
541 2367 747 2440 lectio
801 2373 1073 2440 enotata
1127 2373 1267 2455 est,
1332 2367 1447 2459 qui
1508 2386 1711 2438 error
1774 2388 1946 2439 sane
1998 2366 2217 2441 facilis
2271 2378 2397 2440 est.

280 2495 525 2568 Eidem
582 2493 861 2569 editioni
909 2492 1409 2566 Ianssenius
1465 2491 1566 2563 ab
1604 2492 2185 2569 Almeloveen
2238 2496 2398 2569 lec-

281 2624 507 2696 tiones
568 2643 823 2717 paucas
887 2617 1145 2693 codicis
1210 2617 1600 2709 cuiusdam,
1677 2630 1816 2691 tum
1886 2643 2047 2696 suas
2117 2630 2187 2696 et
2249 2624 2397 2697 Io-

284 2748 531 2844 sephi
575 2748 1015 2841 scaligeri
1066 2746 1500 2818 coniecturas
1544 2748 1867 2841 quasdam
1897 2748 2256 2847 adscripsit
2284 2749 2398 2844 ὓ).

282 2876 480 2948 Haec
541 2877 777 2948 omnia
828 2874 1267 2968 transscripta
1330 2876 1605 2962 suntin
1660 2875 2014 2971 exemplar
2080 2877 2396 2950 editionis

284 2999 925 3094 Lindenbrogianae
961 2999 1333 3090 secundae,
1380 3000 1562 3093 quod
1609 3002 1679 3071 in
1715 2999 2122 3075 bibliotheca
2154 3005 2399 3075 Ham-

282 3129 690 3223 burgensi
736 3135 985 3217 exstat,
1027 3127 1217 3199 cuius
1264 3147 1458 3200 usum
1499 3125 2046 3204 Christianus
2087 3130 2399 3204 Peter-

286 3279 441 3331 sen
504 3254 665 3328 mihi
736 3255 1099 3329 concessit.
1231 3251 1571 3346 scaligeri
1640 3256 2158 3332 emendationes
2222 3259 2397 3331 des—

284 3385 520 3479 cripsit
560 3381 642 3456 G.
681 3383 735 3455 Ι.
772 3382 1090 3472 Vossius,
1140 3383 1331 3453 cuius
1386 3380 1742 3476 exemplar
1776 3381 2182 3458 bibliotheca
2223 3386 2395 3458 Lei-

208 3480 227 3509 *
286 3504 518 3584 densis
570 3507 799 3599 habet,
852 3531 920 3582 v.
962 3509 1328 3582 Burmann.
1380 3507 1467 3579 ad
1508 3507 1767 3584 Valesii
1812 3511 2080 3585 emend.
2118 3536 2184 3609 p.
2220 3512 2397 3604 118,

285 3638 370 3711 cl.
424 3639 744 3730 Rutgers.
792 3634 973 3709 lectt.
1029 3636 1289 3709 Venus.
1345 3658 1403 3707 c.
1435 3635 1506 3707 3.

442 3762 1261 3837 codicem-Vaticanus
1309 3760 1764 3836 bibliothecae
1803 3787 1869 3836 n.
1902 3764 2144 3858 4498‚‘
2173 3789 2397 3839 mem-

285 3894 741 3981 branaceum,
808 3913 948 3965 sec.
994 3889 1165 3962 XIII
1216 3897 1332 3960 aut
1378 3889 1580 3980 XIV,
1643 3891 1895 3965 contuli
1956 3902 2274 3965 accurate
2326 3896 2397 3965 in

364 4092 417 4168 ¹⁶)
470 4094 739 4152 Fortasse
790 4112 862 4151 ex
911 4092 1020 4148 hac
1069 4090 1321 4148 editione
1375 4091 1494 4181 peti
1477 4100 1558 4147 ita
1623 4102 1755 4147 sunt
1806 4100 2077 4170 excerpta
2128 4093 2399 4151 librorum

444 4189 555 4228 scri
541 4171 803 4247 ptorum,
847 4188 994 4245 quae
1035 4168 1567 4244 WeSSeliugius
1607 4167 1806 4226 habuit
1845 4170 2025 4243 (οδω
2068 4169 2135 4238 lt,
2165 4167 2287 4243 13).
