3025 4925
661 430 700 487 4
1264 427 1368 486 DE
1408 427 1539 485 DIE
1580 426 1872 488 NATALI
1913 426 2079 487 CAP.
2110 432 2164 486 1.

660 610 814 656 non
857 590 1111 655 utitur
1153 598 1410 671 recte,
1452 581 1671 657 mala.
1758 588 1959 679 Igitur
2000 588 2302 680 quoniam
2338 589 2607 681 quisque
2636 611 2768 657 non
2796 603 2836 661 4

662 711 900 796 quanto
943 700 1127 793 plura
1173 703 1491 794 possidet,
1533 703 1652 771 sed
1696 711 1933 795 quanto
1978 705 2284 794 pauciora
2328 713 2536 794 optat,
2590 714 2767 772 tanto

659 828 759 886 est
799 815 1203 909 locupletior,
1248 840 1407 908 opes
1453 818 1565 884 tibi
1604 819 1670 885 in
1716 819 1928 885 animo
1972 819 2315 900 maximae,
2358 827 2424 885 et
2467 841 2584 886 eae
2628 821 2771 911 qui-

657 934 807 1000 dem
868 956 1034 1024 quae
1088 954 1222 999 non
1276 931 1471 1000 modo
1538 931 1706 1000 bona
1759 935 2015 1023 generis
2057 931 2323 1001 humani
2363 934 2776 1023 praecedant,

606 1077 632 1116 s
659 1045 775 1114 sed
808 1068 973 1137 quae
1008 1045 1089 1113 ad
1122 1046 1389 1116 deorum
1419 1046 1876 1116 immortalium
1904 1048 2344 1115 aeternitatem
2368 1049 2621 1138 penitus
2654 1071 2766 1116 ac-

656 1160 905 1230 cedant.
993 1159 1167 1252 quod
1212 1163 1382 1229 enim
1402 1159 1774 1252 Xenophon
1799 1160 2167 1232 Socraticus
2194 1160 2364 1245 dicit,
2386 1161 2542 1230 nihil
2570 1186 2764 1255 egere

655 1286 754 1344 est
786 1276 1074 1359 deorum,
1100 1298 1294 1368 quam
1317 1277 1580 1343 minime
1614 1286 1831 1344 autem
1853 1278 2223 1368 proximum
2252 1300 2289 1343 a
2320 1276 2472 1345 deis,
2542 1277 2764 1363 Quare
2789 1290 2826 1347 5

653 1415 804 1461 cum
848 1391 1019 1460 dona
1060 1391 1341 1484 pretiosa
1393 1414 1608 1484 neque
1650 1391 1763 1460 tibi
1806 1414 1923 1483 per
1967 1392 2159 1459 animi
2209 1394 2512 1461 virtutem
2556 1393 2768 1460 desint

652 1530 777 1576 nec
818 1504 974 1575 mihi
1017 1526 1135 1596 per
1177 1504 1270 1571 rei
1314 1507 1691 1573 tenuitatem
1733 1507 2083 1598 supersint,
2140 1506 2594 1600 quodcumque
2634 1506 2763 1576 hoc

582 1647 636 1686 ιο
659 1622 801 1691 libri
843 1630 943 1689 est
983 1620 1142 1687 meis
1190 1620 1415 1712 opibus
1461 1631 1883 1711 conparatum
1926 1611 2205 1688 natalicii
2246 1621 2428 1689 titulo
2465 1622 2577 1689 tibi
2598 1623 2760 1690 misi.

649 1737 719 1805 In
765 1759 894 1829 quo
938 1756 1103 1817 non,
1158 1744 1232 1803 ut
1283 1732 1608 1827 plerisque
1665 1758 1809 1802 mos
1856 1746 1987 1820 est,
2042 1745 2153 1803 aut
2195 1736 2278 1804 ab
2322 1735 2537 1804 ethica
2581 1745 2763 1828 parte
2789 1753 2829 1807 6

646 1849 1094 1943 philosophiae
1137 1858 1486 1944 praecepta
1529 1849 1612 1917 ad
1653 1849 1842 1918 beate
1880 1851 2248 1937 vivendum,
2272 1874 2438 1945 quae
2466 1850 2576 1918 tibi
2607 1851 2766 1918 scri-

647 1967 889 2051 berem,
931 1974 1259 2034 mutuatus
1304 1988 1470 2049 sum,
1504 1973 1616 2030 aut
1654 1988 1738 2031 ex
1773 1965 2011 2034 artibus
2046 1964 2375 2034 rhetorum
2409 1963 2589 2033 locos
2624 1964 2794 2033 lau-'

653 2081 837 2149 dibus
881 2082 1005 2147 tuis
1052 2080 1449 2150 celebrandis
1502 2087 1883 2169 persecutus
1940 2081 2057 2166 (ad
2109 2080 2175 2147 id
2234 2082 2404 2148 enim
2455 2081 2765 2147 virtutum

572 2223 625 2262 ιε»
653 2197 940 2262 omnium
981 2195 1305 2284 fastigium
1350 2196 1713 2279 ascendisti,
1757 2206 1829 2264 ut
1873 2204 2105 2263 cuncta
2141 2195 2284 2280 ista,
2329 2218 2496 2286 quae
2518 2192 2625 2263 vel
2656 2218 2766 2262 sa-

645 2312 899 2404 pienter
953 2318 1298 2377 monentur
1350 2309 1459 2377 vel
1511 2310 1788 2377 facunde
1842 2309 2323 2403 praedicantur,
2377 2311 2511 2377 vita
2567 2311 2765 2378 mori-

645 2411 896 2518 busque
941 2423 1392 2517 superaveris),
1435 2423 1553 2493 sed
1583 2448 1668 2492 ex
1697 2422 2038 2518 philologis
2070 2425 2543 2493 commentariis
2572 2448 2767 2518 quas-

646 2541 798 2607 dam
820 2534 1336 2632 quaestiunculas
1367 2537 1596 2631 delegi‚
1624 2563 1791 2632 quae
1820 2550 2169 2633 congestae
2194 2543 2441 2631 possint
2473 2539 2763 2633 aliquan-

643 2665 783 2722 tum
840 2652 1147 2723 volumen
1204 2650 1475 2724 efficere.
1575 2650 1774 2748 quue
1829 2678 1866 2723 a
1919 2678 2026 2723 me
2082 2654 2358 2724 docendi
2398 2656 2609 2724 studio
2650 2655 2760 2725 vel
2784 2665 2826 2721 7

642 2850 681 2904 3
722 2844 955 2922 quidem
994 2863 1105 2903 om.
1269 2848 1305 2905 9
1344 2863 1536 2923 neque
1694 2852 1765 2906 11
1810 2855 1911 2904 aut
1951 2865 2025 2906 ex
2064 2844 2256 2905 ethica
2384 2848 2458 2905 15
2498 2846 2611 2904 ista
2648 2864 2760 2905 om.

642 2926 718 2983 19
757 2922 849 2981 vel
890 2921 1138 2980 docendi
2408 2937 2422 2953 ·

642 3090 673 3144 1
719 3087 979 3162 quoniam
1019 3103 1130 3144 orn.
1172 3105 1219 3143 r.
1401 3089 1439 3143 3
1478 3088 1725 3144 maxime
1758 3085 1814 3144 D
1855 3128 1870 3154 ‚
1909 3088 2161 3145 maximo
2200 3086 2240 3142 l.
2409 3102 2476 3141 ea
2514 3082 2666 3159 quid.
2703 3083 2759 3142 R

644 3162 841 3239 (eraso
867 3161 921 3234 e)
950 3161 1056 3236 glr.
1174 3162 1214 3221 4
1239 3161 1539 3238 possedant
1565 3163 1604 3230 l,
1625 3169 1809 3239 postca
1846 3171 1946 3221 am
1971 3182 2057 3220 ms
2078 3163 2225 3220 Alm.
2344 3164 2380 3220 5
2407 3163 2664 3238 paonim
2682 3159 2757 3218 D.

641 3244 684 3331 6·
720 3237 865 3316 quod
894 3242 1061 3295 etiam
1105 3238 1415 3297 Cauchius.
1442 3238 1558 3331 pf.
1583 3239 1810 3331 Seneca
1832 3239 2058 3318 apocol.
2086 3239 2274 3318 p.248
2296 3237 2390 3297 ed.
2418 3238 2554 3328 Dip.
2599 3236 2760 3311 Quod

639 3313 1668 3467 {ffiffzffsuzffkffif'iiss‘ffi
1703 3319 1920 3470 m?
1964 3324 2142 3451 '¹322‘ss
2167 3313 2760 3468 {f‘bff’ssssfssansl

639 3469 684 3536 1,
716 3471 771 3536 6,
794 3472 887 3526 10.
926 3467 1097 3545 Diog.
1132 3468 1202 3526 L.
1241 3469 1339 3536 Vl,
1368 3471 1499 3527 105.
1654 3472 1694 3527 7
1732 3487 1773 3526 α
1805 3487 1916 3527 om.
1946 3468 2005 3544 gl
2027 3488 2113 3526 ms
2133 3470 2280 3526 Alm.
2410 3467 2520 3526 diis
2555 3466 2629 3524 D.

641 3550 680 3604 8
718 3562 887 3602 avum
921 3547 1052 3603 virt.
1095 3546 1243 3603 coni.
1284 3543 1485 3602 Barth.
1528 3544 1567 3602 l.
1607 3544 1647 3604 l.
1776 3550 1813 3606 9
1851 3563 2026 3621 neque
2061 3546 2135 3604 R.
2289 3550 2364 3605 10
2402 3542 2660 3621 operitve
2695 3562 2753 3621 g.

2367 3632 2398 3661 ss

641 3676 711 3730 11
757 3676 860 3729 aut
896 3668 1095 3728 whica
1171 3676 1292 3728 arte
1332 3670 1403 3745 (x
1441 3668 1579 3727 add.
1604 3667 1804 3745 a2m.)
1831 3669 1905 3739 D,
1944 3678 2045 3729 aut
2068 3669 2158 3729 hio
2195 3679 2397 3748 aparte
2431 3673 2502 3742 R,
2542 3673 2755 3733 autmc

639 3755 830 3825 aperte
848 3766 932 3824 gr,
973 3754 1078 3804 aut
1130 3750 1202 3804 tio
1239 3752 1370 3822 apte
1408 3766 1494 3803 ms
1514 3746 1692 3817 Alm.‚
1732 3755 1834 3807 aut
1870 3747 1959 3807 hic
1995 3753 2225 3824 apertae
2262 3750 2301 3807 l.
2342 3757 2442 3808 aut
2480 3769 2553 3809 ex
2575 3751 2755 3810 ostica

636 3832 802 3901 parto
837 3824 963 3882 em.
987 3822 1241 3891 Mamm,
1290 3823 1521 3881 Modius
1560 3834 1791 3885 novant.
1843 3826 1999 3884 lectt.
2051 3844 2085 3883 e
2130 3867 2145 3882 .
2168 3829 2274 3894 67,
2323 3827 2367 3884 1.
2411 3828 2754 3888 Guilielmus

640 3902 889 3960 vei-isim.
912 3899 1008 3968 ΙΙΙ,
1036 3902 1092 3957 5.
1181 3904 1258 3959 13
1283 3906 1535 3958 mumius
1559 3920 1615 3978 g.
1695 3901 1850 3962 lomus
1870 3902 1944 3960 D.
2037 3906 2068 3960 1
2130 3910 2453 3978 prosecutus
2478 3904 2751 3963 lmsAlm.

639 3980 712 4038 15
751 3981 868 4035 ὅσια
890 3996 1001 4034 om.
1026 3976 1098 4035 R.
1229 3980 1303 4035 16
1328 3985 1581 4036 monetur
1600 3979 1675 4036 D.
1802 3977 2165 4052 familiariter
2182 3979 2583 4054 praedicantur
2603 3980 2751 4057 glra.

634 4051 921 4127 facundae
954 4052 1028 4111 D.
1146 4056 1222 4112 17
1258 4052 1451 4130 philol.
1494 4055 1570 4113 cf.
1611 4054 1796 4114 Lehrs
1839 4055 1915 4114 de
1954 4073 2112 4113 voce.
2154 4048 2507 4134 φιλόλογος,
2545 4074 2751 4135 γραμ-

635 4123 932 4205 ματικός,
972 4124 1262 4203 κριτικός.
1310 4130 1533 4206 Regim.
1572 4135 1725 4190 1838
1762 4151 1823 4210 p.
1853 4133 1912 4191 4.
1975 4130 2144 4190 Adde
2183 4132 2404 4192 Vitruv.
2445 4134 2544 4205 Vl,
2577 4153 2665 4212 pr.
2687 4134 2750 4193 4.

638 4207 738 4276 vl,
760 4211 815 4277 7,
842 4210 896 4265 7.
940 4207 1172 4279 v111,3,
1198 4210 1292 4267 25.
1336 4207 1432 4276 lx,
1460 4227 1549 4284 pr.
1578 4212 1672 4267 17.
1794 4213 1866 4267 18
1908 4199 2321 4285 anquam-atum
2358 4229 2469 4286 gm.
