3025 4925
633 406 709 459 30
1225 400 1329 458 DE
1367 395 1498 458 Dm
1538 400 1831 459 NATALI
1873 400 2039 461 CAP.
2065 406 2159 460 12.

633 549 1059 643 adhiberetur,
1102 582 1234 630 non
1276 583 1427 630 cum
1454 561 1708 630 tibicine
1740 570 1852 629 aut
1874 560 2166 630 tubicine
2190 558 2548 652 triumphus
2585 584 2745 653 age-

632 685 808 744 retur
848 675 1054 759 Marti‚
1095 698 1228 744 non
1268 675 1551 769 Apollini
1593 675 1869 759 cithara,
1909 657 2041 748 non
2085 675 2287 744 Musis
2331 676 2524 744 tibiae
2565 685 2745 746 cete-

629 815 828 883 raque
870 791 936 860 id
980 814 1183 882 genus
1226 800 1446 859 assent
1484 793 1804 875 attributa,
1846 814 1977 859 non
2021 790 2400 873 tibicinibus,
2427 813 2545 880 per
2579 813 2747 883 quos

625 907 890 976 numina
930 905 1284 995 placantur,
1330 917 1503 975 esset
1542 908 1927 997 permissum
1972 916 2084 974 aut
2124 906 2313 974 ludos
2356 905 2614 996 publice
2645 907 2747 973 fa-

584 1046 609 1084 ⁵
636 1044 785 1090 cere
808 1043 907 1096 ,ac
951 1022 1129 1090 vesci
1168 1022 1235 1088 in
1272 1020 1615 1112 Capitolio,
1659 1031 1772 1089 aut
1802 1020 2304 1113 Quinquatribus
2349 1019 2749 1103 minusculis,

630 1136 697 1204 id
742 1145 842 1203 est
890 1135 1096 1203 idibus
1145 1134 1371 1217 Iuniis,
1428 1135 1658 1205 urbem
1698 1137 1937 1204 vestitu
1982 1158 2110 1227 quo
2152 1135 2397 1204 vellent
2435 1157 2749 1226 persona-

628 1254 709 1319 tis
753 1248 1246 1342 temulentisque
1304 1252 1661 1341 pervagari.
1766 1250 2119 1320 Hominum
2180 1274 2438 1343 quoque
2490 1259 2745 1318 mentes
2772 1262 2815 1318 3

633 1379 700 1436 et
736 1368 939 1457 ipsae,
979 1367 1269 1457 quamvis
1313 1364 1596 1456 Epicuro
1641 1364 2063 1449 reclamante,
2104 1366 2359 1434 divinae
2398 1387 2586 1432 suam
2625 1387 2748 1432 na-

635 1493 847 1550 turam
887 1504 1005 1571 per
1046 1489 1271 1548 cantus
1317 1490 1695 1573 agnoscunt.
1780 1479 2081 1573 Denique
2135 1503 2265 1572 quo
2319 1478 2565 1548 facilius
2608 1480 2747 1548 sus·-

557 1613 613 1653 10
637 1600 844 1665 ferant
891 1595 1199 1678 laborem,
1249 1594 1360 1664 vel
1412 1597 1478 1663 in
1524 1598 1706 1664 navis
1750 1605 1930 1665 motu
1974 1619 2013 1663 a
2054 1604 2313 1665 rectore
2350 1593 2750 1686 symphonia

630 1712 993 1780 adhibetur:
1034 1710 1393 1802 legionibus
1442 1734 1699 1802 quoque
1741 1713 1806 1778 in
1860 1712 2000 1780 acie
2053 1710 2497 1780 dimicantibus
2551 1712 2747 1778 etiam

630 1837 843 1895 metus
886 1828 1108 1894 mortis
1154 1825 1425 1894 classico
1472 1825 1826 1916 depellitur.
1918 1826 2018 1893 Ob
2077 1849 2271 1917 quam
2321 1849 2462 1894 rem
2501 1823 2748 1915 Pytha·-
2772 1830 2815 1888 4

632 1965 844 2033 goraS,
884 1949 960 2007 ut
1000 1941 1287 2007 animum
1329 1964 1447 2008 sua
1490 1964 1752 2031 semper
1794 1941 2121 2009 divinitate
2158 1942 2492 2023 imbueret,
2533 1942 2746 2031 prius·

635 2079 829 2149 quam
873 2081 943 2123 se
988 2078 1218 2124 somno
1262 2056 1447 2123 daret
1491 2065 1559 2122 et
1610 2080 1763 2122 cum
1818 2064 1992 2124 esset
2046 2057 2448 2145 expergitus,
2501 2054 2747 2123 cithara

558 2189 610 2228 1⁵
637 2182 711 2239 ut
762 2174 975 2238 ferunt
1025 2179 1285 2237 cantare
1343 2177 1802 2253 consueverat,
1871 2180 1937 2238 et
1978 2168 2394 2260 Asclepiades
2452 2170 2745 2240 medicus

632 2286 1153 2377 phreneticorum
1208 2293 1458 2351 mentes
1514 2285 1742 2353 morbo
1799 2285 2083 2354 turbatas
2139 2308 2336 2375 saepe
2391 2307 2512 2376 per
2568 2308 2747 2374 sym-

632 2389 927 2493 phonian'
957 2421 1116 2468 suae
1157 2409 1425 2469 naturae
1461 2401 1752 2470 reddidit.
1847 2399 2243 2493 Herophilus
2288 2410 2534 2483 autem,
2592 2400 2749 2469 artis

635 2580 661 2632 1
711 2540 809 2631 aut
847 2560 1097 2632 tubicine
1139 2593 1251 2633 om.
1422 2580 1461 2633 2
1492 2574 1671 2633 Marti
1712 2595 1823 2634 om.
2019 2583 2094 2636 10
2131 2585 2285 2634 metu
2327 2595 2361 2633 a
2400 2585 2626 2634 vectore

633 2656 708 2709 12
746 2651 1133 2719 Quamobrem
1299 2655 1373 2710 16
1414 2652 1812 2731 symphoniam
1965 2658 2040 2712 17
2077 2653 2390 2732 Erophilus
2677 2656 2688 2667 ⁸

634 2821 664 2874 1
709 2832 831 2872 cum
871 2834 979 2871 om.
1019 2814 1187 2888 Rgm.
1337 2823 1438 2873 aut
1477 2814 1796 2892 triumphus
1832 2816 1906 2873 D.
1949 2815 2101 2873 unde
2141 2814 2508 2875 inserendum
2543 2817 2740 2895 putavi

631 2891 909 2964 tubicine,
966 2889 1123 2967 quod
1158 2890 1332 2950 facile
1375 2893 1556 2950 omitti
1604 2893 1808 2969 potuit.
1884 2892 2217 2951 Secundum
2265 2892 2417 2949 Plut.
2449 2892 2629 2951 Marc.
2662 2897 2739 2950 22

631 2969 972 3027 tubicinibus
1012 2969 1391 3039 comitabatur
1426 2969 1834 3047 triumphator,
1883 2970 2208 3029 tibicinibus
2248 2986 2444 3027 ovans.
2484 2976 2586 3028 aut
2623 2988 2739 3027 om.

632 3045 764 3105 Rol.
957 3049 995 3102 2
1032 3047 1225 3103 Marti
1274 3065 1385 3102 om.
1437 3045 1574 3103 edd.
1617 3054 1779 3115 vett„
1815 3046 1967 3103 add.
2007 3045 2166 3113 DRl,
2218 3056 2276 3103 et
2325 3065 2386 3103 re
2432 3047 2527 3103 oni
2576 3046 2742 3103 iussit

631 3091 978 3197 vfesseling.
1020 3124 1173 3179 οδες.
1213 3120 1283 3189 11,
1315 3126 1407 3180 13.
1456 3124 1637 3179 amnti
1707 3164 1721 3179 .
1917 3122 2135 3180 obitam
2173 3122 2255 3194 D,
2306 3127 2378 3180 cit
2416 3141 2556 3181 arae
2588 3122 2660 3179 R.

631 3204 669 3258 3
698 3198 851 3258 tibio.
879 3201 953 3256 cf.
967 3198 1135 3256 Varr.
1158 3198 1229 3257 L.
1252 3199 1321 3257 L.
1336 3199 1416 3257 Vl
1438 3203 1644 3276 p.2oo.
1718 3199 1830 3257 vid.
1843 3200 1976 3259 fast.
1991 3200 2088 3268 Vl,
2108 3200 2219 3258 645
2242 3219 2371 3276 sqq.
2395 3198 2738 3268 Liv.1x‚3o.

629 3277 785 3335 Fest.
829 3296 874 3332 ε.
917 3295 967 3333 v.
1008 3278 1143 3332 min.
1183 3277 1368 3351 quinq.
1407 3276 1559 3333 Plut.
1604 3295 1698 3352 qu.
1730 3277 1897 3333 Rom.
1918 3280 2011 3336 55.
2053 3276 2185 3332 val.
2225 3277 2379 3334 Max.
2419 3276 2488 3343 ΙΙ,
2529 3276 2660 3344 5,-1.

629 3357 666 3411 5
707 3352 982 3428 capitulio
1020 3350 1094 3408 D.
1290 3351 1681 3429 quidpavribus
1718 3355 1909 3411 minus
1946 3352 2133 3411 oculis
2168 3352 2253 3423 D,
2311 3352 2449 3429 quid
2484 3351 2743 3429 patribus

630 3427 1005 3488 inmusoculis
1043 3446 1098 3502 g.
1140 3427 1461 3504 quidquam
1503 3430 1577 3486 R.
1761 3433 1797 3486 6
1833 3428 1998 3487 urbes
2034 3428 2200 3505 DRg.
2241 3449 2386 3487 corr.
2430 3428 2740 3487 Cauchius.

631 3509 828 3565 vestito
865 3505 939 3562 D.
1057 3509 1095 3563 8
1135 3508 1378 3580 Epieoro
1415 3506 1491 3563 D.
1610 3504 1864 3564 divinam
1903 3508 2049 3564 coni.
2090 3507 2375 3565 Meursius
2415 3524 2504 3564 ex.
2546 3525 2627 3564 cr.
2666 3506 2741 3565 11.

632 3584 876 3641 Pontan.
919 3580 995 3638 ad
1032 3580 1211 3639 Macr.
1252 3582 1312 3638 in
1351 3601 1532 3639 somn.
1574 3582 1671 3641 Sc.
1711 3582 1780 3652 11,
1807 3588 1863 3641 3.
2044 3589 2119 3642 10
2155 3590 2308 3641 metu
2343 3580 2532 3660 DRgl.
2583 3590 2742 3641 mom

632 3659 907 3717 Almelov.
946 3664 1135 3716 meatu
1175 3665 1274 3716 aut
1308 3666 1521 3716 manta
1557 3658 1944 3736 Lindenbrog.
1985 3660 2228 3717 Pontan.
2268 3659 2344 3717 ad
2382 3660 2640 3717 Macrob.
2679 3660 2741 3716 in

633 3755 814 3795 somn.
857 3736 954 3793 Sc.
995 3734 1064 3803 11,
1082 3738 1138 3791 3.
1332 3742 1552 3795 vectore
1587 3735 1773 3813 DRgl.
1813 3736 1973 3794 Nihil
2010 3737 2069 3795 h.
2110 3737 2148 3796 1.
2188 3735 2523 3794 mutandum
2561 3735 2741 3794 edixit

632 3816 805 3872 Voss.
847 3812 924 3870 ad
961 3811 1093 3869 Val.
1135 3810 1224 3869 Fl.
1264 3811 1364 3880 IV,
1388 3815 1482 3871 85.
1523 3813 1614 3872 De
1654 3814 1970 3873 celeumate
2005 3832 2054 3871 v.
2077 3812 2404 3871 Blomfield.
2468 3813 2505 3870 l.
2530 3813 2740 3872 Aesch-

631 3893 793 3951 Pers.
818 3889 950 3948 403.
1126 3893 1199 3947 12
1239 3887 1307 3946 ob
1387 3931 1400 3946 .
1436 3908 1489 3948 r.
1529 3889 1601 3957 D,
1643 3888 1711 3948 ob
1739 3906 1912 3967 quarm
1952 3909 2186 3949 causam
2223 3909 2280 3967 g,
2320 3909 2373 3967 q.
2515 3907 2567 3947 r.
2607 3891 2738 3948 Rm.

631 3968 870 4042 Pythay.
914 3966 987 4023 cf.
1029 3965 1226 4023 Iambl.
1267 3984 1320 4023 v.
1348 3908 1406 4024 (ἰ)
1468 3966 1595 4041 h.1‚
1617 3969 1710 4026 25.
1829 3967 1904 4025 14
1941 3967 2183 4038 symm-a
2200 3968 2272 4024 D.
2418 3970 2490 4027 15
2530 3966 2740 4024 Ascle-

629 4044 821 4120 piudis
857 4043 932 4101 D.
1051 4046 1124 4101 16
1161 4043 1360 4115 frenet.
1458 4087 1472 4103 .
1605 4047 1679 4102 17
1718 4043 1934 4120 Ieropb.
1975 4044 2101 4102 DR.
2145 4044 2238 4102 Cf.
2263 4045 2439 4101 Marc.
2466 4044 2616 4121 Cap.
2640 4043 2739 4113 IX,

630 4125 743 4180 926
789 4122 865 4177 ib.
906 4121 1000 4177 Κο
1045 4140 1103 4198 p.
1144 4120 1353 4252 graleu.
1396 4140 1458 4179 π.
1503 4137 1714 4197 προγν.
1757 4136 1992 4199 σφυγμ.
2035 4120 2101 4191 11,
2133 4125 2169 4179 3
2209 4129 2251 4178 t.
2286 4121 2365 4178 IX
2402 4141 2462 4199 p.
2485 4124 2618 4180 278.

627 4200 833 4254 ’utonis
869 4201 987 4253 eius
1025 4215 1105 4254 em
1203 4239 1216 4253 .
