3025 4925
921 392 1026 448 DE
1064 389 1195 449 DIE
1236 390 1528 452 NATALI
1580 391 1745 450 CAP.
1773 396 1848 450 8.
2356 399 2427 452 21

316 560 545 641 pectus
599 560 868 619 vocatur
921 551 1092 620 κατὰ
1136 547 1494 641 ἑξάγωνον,
1543 552 1693 642 quia
1729 560 1986 619 sextam
2026 560 2275 641 partem
2308 553 2434 620 cir-

318 664 447 733 culi
487 664 827 734 subtendit.
910 689 1064 742 nam
1107 668 1288 735 cuius
1332 688 1370 733 a
1411 667 1618 756 primo
1663 664 1864 732 zodio‘
1896 664 1979 734 ad
2020 665 2298 749 tertium,
2331 667 2428 734 sic

315 803 357 846 a
400 782 588 850 tertio
632 781 714 847 ad
759 782 1083 872 quintum,
1124 781 1289 849 *inde
1342 801 1536 872 porro
1592 780 1677 848 ad
1726 781 2071 871 septimum
2126 802 2204 848 ac
2247 781 2427 848 dein-

312 917 469 985 ceps
515 895 801 966 alternae
851 895 1060 974 lineae
1120 900 1491 966 emittantur
1510 944 1530 977 ‚
1580 894 1908 984 hexagoni
1957 893 2425 985 aequilateralis

251 1032 284 1072 a
312 1011 520 1078 forma
572 1012 639 1078 in
699 1010 931 1080 eodem
985 1010 1225 1080 circulo
1268 1007 1595 1079 scribetur.
1695 1008 1887 1078 Hunc
1932 1008 2191 1100 quidam
2232 1031 2424 1078 cons·
2448 1025 2489 1080 7

306 1135 573 1214 pectum
628 1149 760 1193 non
815 1149 1278 1217 usquequaque
1320 1127 1726 1215 receperunt,
1769 1123 1943 1214 quod
1983 1125 2317 1194 minimum
2339 1127 2426 1196 ad

306 1242 740 1310 maturitatem
770 1251 990 1331 partus
1027 1240 1363 1310 videbatur
1397 1240 1706 1307 conferre.
1752 1238 1941 1307 Cum
1962 1261 2118 1309 vero
2141 1242 2207 1310 in
2229 1262 2421 1330 quar-
2446 1259 2484 1313 8

308 1363 452 1422 tum
495 1356 752 1445 signum
794 1359 1091 1446 pervenit
1120 1334 1200 1422 ‘et
1238 1335 1452 1422 media
1494 1353 1622 1421 duo
1666 1363 1847 1436 sunt,
1894 1353 2072 1422 videt
2103 1352 2273 1423 κατὰ
2311 1380 2422 1424 vs-

239 1506 252 1517 ·
302 1464 664 1559 τράχωνον,
711 1472 1015 1561 quoniam
1057 1470 1228 1540 linea
1268 1469 1399 1551 illa,
1441 1491 1571 1559 qua
1612 1471 1789 1536 visus
1832 1468 2180 1558 pertendit,
2226 1492 2417 1559 quar-

215 1604 279 1644 10
306 1573 442 1651 tam
497 1594 745 1675 partem
799 1582 969 1654 orbis
1024 1582 1308 1656 abscidit.
1406 1583 1577 1650 Cum
1639 1583 1708 1649 in
1748 1584 1981 1673 ‘quinto
2037 1590 2267 1652 autem
2320 1594 2419 1652 est
2442 1593 2480 1648 9

301 1699 505 1767 tribus
548 1677 1067 1788 interiaceptibus
1108 1697 1355 1780 mediiS,
1396 1694 1567 1765 κατὰ
1606 1693 1923 1787 τρίγωνον
1965 1697 2220 1786 aspicit:
2261 1719 2429 1771 nam.

297 1814 556 1882 tertiam
607 1815 897 1904 signiferi
942 1822 1194 1903 partem
1244 1812 1423 1880 visus
1476 1811 1586 1879 ille
1640 1813 1917 1882 metitur.
2013 1810 2204 1896 Quae
2245 1811 2414 1881 duae

295 1928 580 1996 visiones
621 1924 1025 2017 τετράγωνοι
1067 1937 1135 1993 et
1167 1921 1479 2016 τρίγωνοι
1519 1948 1833 2017 perquam
1878 1923 2173 1994 efficaces
2198 1927 2410 1996 incre-

293 2052 591 2110 mentum
642 2051 862 2133 partus
916 2040 1190 2110 multum
1245 2039 1718 2108 adminiculant.
1816 2037 2126 2106 Ceterum
2169 2062 2209 2108 a
2258 2027 2406 2109 lcco
2435 2046 2511 2099 10

154 2147 164 2157 ⁰
205 2181 266 2224 ιε
297 2165 488 2226 sexto
544 2165 931 2245 conspectus
985 2156 1165 2224 omni
1215 2164 1392 2222 caret
1434 2154 1800 2224 efficientia:
1843 2154 1984 2230 eius
2023 2153 2197 2222 enim
2236 2154 2408 2224 linea

288 2269 533 2338 nullius
574 2270 887 2360 polygcni
927 2267 1119 2338 efficit
1157 2268 1344 2340 latus.
1432 2271 1520 2335 At
1563 2292 1601 2336 a
1644 2269 1916 2359 septimo
1962 2270 2190 2351 mdiu,
2233 2272 2407 2361 quod

292 2393 399 2452 est
438 2387 860 2469 contrarium,
903 2384 1310 2477 plenissimus
1354 2384 1964 2475 potentissimusque
2020 2394 2412 2476 conspectus

290 2499 609 2591 quosdam
649 2502 781 2579 iam
821 2511 1111 2573 maturos
1145 2501 1423 2567 infantes
1469 2498 1704 2582 educit,
1731 2500 1846 2590 ,qui
1881 2508 2402 2590 septemmestres

291 2614 713 2706 appellantur,
741 2617 889 2707 quia
907 2617 1178 2705 septimo
1201 2626 1427 2682 mense
1449 2622 1819 2697 nascuntur.
1884 2616 1972 2683 At
1990 2614 2045 2679 si
2075 2614 2243 2679 intra
2272 2611 2399 2683 hoc
2426 2630 2496 2684 11

205 2759 266 2800 πο
289 2731 571 2821 spatium
612 2726 1049 2824 matun-escere
1087 2739 1308 2799 uterus
1350 2751 1483 2799 non
1524 2730 1834 2818 potuerit,
1885 2714 2120 2797 octavc
2173 2750 2400 2796 mense

288 2977 319 3033 1
367 2964 512 3029 καθ’
538 2961 703 3047 32:⁶1²?-
727 2970 823 3046 qui
939 2974 980 3027 2
1015 2987 1150 3027 nam
1171 2969 1222 3027 si
1244 2926 1365 3026 uta
1384 2988 1473 3048 pr.
1592 2972 1628 3026 3
1669 2966 1881 3027 deinde
1923 3008 1926 3013 -
1996 2974 2033 3028 5
2055 2972 2400 3033 scriberetur

285 3052 328 3107 7
366 3049 624 3107 videatur
777 3051 813 3106 9
853 3045 957 3103 illa
994 3047 1151 3104 linea
1303 3050 1378 3104 10
1421 3045 1568 3103 Cum
1609 3052 1799 3101 autem
1837 3045 1897 3101 in
2051 3051 2123 3104 16
2166 3047 2360 3104 adficit

182 3362 189 3367 .
289 3319 322 3373 1
365 3311 838 3389 καταεξαγωποη
873 3314 947 3380 D,
987 3271 1419 3388 κατοῑξαγωινον
1458 3313 1531 3380 R,
1569 3308 2066 3402 xatac'{aymywy
2101 3331 2159 3390 g,
2197 3330 2395 3373 κατα-

287 3387 617 3466 σξαγωνων
656 3392 732 3448 13.
912 3396 952 3449 2
987 3390 1231 3448 succedit
1268 3389 1383 3466 gla.
1430 3388 1726 3457 subtantia,
1764 3385 2081 3446 υποτείνει.
2260 3409 2397 3450 nam

286 3471 450 3525 cuius
470 3487 509 3526 a
526 3471 704 3543 primo
721 3467 775 3524 D
792 3463 1130 3545 (summias)
1141 3467 1311 3543 Rgla.
1351 3473 1565 3525 natura
1604 3468 1766 3523 cuius
1801 3465 1936 3523 edd.
1960 3475 2093 3524 vett.
2134 3470 2292 3525 cuius
2330 3474 2394 3525 ut

288 3564 329 3605 α
366 3563 461 3620 pr.
501 3544 807 3602 Cauchius.
856 3562 990 3603 nam
1026 3547 1175 3601 sicut
1211 3563 1246 3600 a
1285 3563 1373 3619 pr.
1425 3543 1656 3600 Modius
1696 3542 1851 3600 lectt.
1891 3552 2120 3603 novant.
2161 3564 2256 3622 ep.
2294 3547 2390 3603 35.

286 3638 427 3693 nam,
457 3624 509 3683 si
545 3628 610 3677 ut
644 3640 684 3679 α
722 3640 813 3698 pr.
855 3620 1076 3693 Carrio.
1115 3618 1357 3681 Brevius
1400 3620 1542 3676 dixit
1581 3621 1759 3687 cuius,
1804 3620 1960 3695 quod
1982 3629 2071 3679 est
2093 3622 2251 3678 cuius
2278 3623 2390 3679 cir-

288 3697 403 3754 culi
436 3698 500 3755 in
536 3697 844 3756 duodecim
883 3697 1051 3755 zodia
1088 3694 1273 3753 divisi.
1427 3694 1493 3768 fit
1531 3716 1570 3755 a
1607 3704 1650 3755 t.
1692 3714 1747 3771 g.
1902 3695 1941 3754 4
1977 3695 2149 3755 lunae
2181 3696 2311 3755 ΒΗ.

287 3778 499 3833 amitt.
537 3773 612 3831 D.
739 3776 773 3832 5
812 3770 1144 3831 scriberetur
1183 3772 1371 3848 DRgl,
1412 3772 1564 3848 quod
1606 3773 1847 3829 correxi.
1973 3773 2195 3848 quidem
2233 3774 2309 3830 la.

286 3854 323 3908 9
364 3853 455 3928 qiu
490 3849 565 3908 D.
681 3850 786 3908 tna
826 3870 934 3911 om.
974 3848 1089 3924 gla.
1208 3853 1284 3907 10
1322 3867 1488 3925 quom
1526 3855 1710 3906 autem
1747 3850 1809 3905 im
1847 3848 1923 3924 gl.
1965 3859 2024 3906 at
2062 3850 2137 3906 cf.
2179 3854 2270 3917 11,
2294 3854 2386 3908 10.

283 3931 380 3996 22,
407 3932 462 3986 2.
609 3930 681 3986 13
722 3929 1004 4000 tetragoni
1041 3932 1094 3982 et
1130 3927 1204 3983 ιν·
1245 3928 1345 3982 oni
1379 3925 1505 3992 DR,
1552 3919 1652 3980 ΘΙ
1656 3921 1925 4003 Τραγονι
1964 3933 2017 3983 et
2057 3926 2289 3998 θειγονι
2328 3946 2385 4003 g.

286 4009 361 4063 16
399 4003 582 4078 effecit
618 4003 746 4061 DR.
785 4002 1081 4079 polyyonie
1116 3943 1298 4075 asan
1335 4020 1391 4078 g.
1432 3998 1606 4074 effic-tt
1644 3997 1684 4057 l.
1894 4002 2041 4065 latu?
2086 4002 2386 4061 latas-atis-

281 4085 517 4158 septimo
555 4079 629 4138 D.
745 4084 822 4138 20
859 4087 1062 4138 matur.
1097 4086 1179 4137 ut.
1221 4080 1297 4139 cf.
1335 4079 1491 4138 Cels.
1516 4077 1708 4149 11,1o:
1747 4074 1976 4149 femin-is
2014 4081 2385 4147 uterumjwn
2449 4086 2460 4091 ”

279 4156 612 4233 yeremibus.
726 4163 907 4233 potest
944 4155 1057 4232 gla.
1194 4154 1384 4215 octabu
1422 4155 1494 4212 D.
