3025 4925
625 428 793 468 xvnt
1391 401 2010 463 PROLEGOMENA.

777 573 1175 646 Proximum
1227 569 1452 644 locum
1506 578 1576 642 et
1628 570 2021 664 antiquitate
2076 577 2142 642 et
2181 567 2485 643 bonitate
2526 572 2746 667 poscit

623 700 855 774 codex
919 699 1374 774 bibliothecae
1443 696 1931 770 Vaticanae
1996 716 2063 768 n.
2118 695 2321 770 4229
2379 699 2449 769 in
2514 720 2745 770 mem-

621 827 853 901 branis
907 826 1176 901 formae
1231 824 1601 921 quadratae
1645 822 1823 898 bini‘s
1858 821 2190 898 columnis
2229 825 2482 920 optime
2512 826 2744 920 scrip-

620 964 727 1029 tus
791 954 1027 1029 seculo
1096 955 1362 1027 decimo
1380 984 1419 1043 ‚-
1470 973 1671 1046 quem
1734 972 1889 1024 cum
1956 949 2254 1025 Gruberi
2316 951 2617 1026 editione
2679 974 2741 1023 a.

624 1081 825 1155 1810
876 1082 1150 1154 contuli.
1278 1079 1729 1154 Continentur
1791 1079 1926 1153 hoc
1990 1078 2164 1154 libro
2216 1088 2493 1175 praeter
2545 1077 2745 1151 Cen-

621 1212 964 1298 sorinum,
1037 1209 1148 1302 qui
1218 1207 1436 1302 primo
1499 1204 1657 1279 loco
1709 1208 1997 1302 scriptus
2054 1216 2158 1280 est
2213 1216 2281 1279 et
2333 1228 2485 1280 cum
2538 1205 2745 1299 frag-

621 1344 850 1408 mento
903 1327 1144 1406 XXXI
1197 1332 1362 1406 folia
1417 1332 1737 1429 complet,
1790 1334 2170 1429 Praecepta
2224 1335 2386 1408 artis
2440 1335 2743 1406 musicae

620 1460 907 1536 collecta
963 1484 1058 1534 ex
1111 1459 1301 1535 SeX.
1331 1513 1348 1531 .
1381 1514 1395 1530 .
1426 1513 1441 1530 .
1469 1452 1639 1554 Aug
1707 1460 1796 1533 de
1861 1464 2139 1536 musica.
2196 1461 2466 1537 Sermo.
2520 1460 2743 1533 Plauti

619 1588 997 1661 Aulularia.
1051 1587 1202 1660 Iulii
1269 1586 1538 1660 Paridis
1609 1589 1906 1682 epitome
1959 1588 2222 1662 Valerii
2274 1588 2555 1662 Maximi
2607 1585 2739 1681 (v.

616 1717 779 1789 Maii
831 1714 1097 1789 collect.
1151 1736 1315 1787 nov.
1370 1712 1474 1785 III
1527 1736 1593 1808 p.
1624 1714 2036 1809 XXIsqq.).
2091 1716 2450 1811 Pomponii
2512 1713 2741 1792 Melae

617 1843 708 1915 de
757 1840 1259 1937 chorographia
1299 1838 1457 1912 libri
1504 1843 1647 1913 tres
1679 1839 1793 1935 (v.
1822 1841 2120 1916 Pressel.
2158 1842 2242 1916 N.
2280 1841 2527 1916 Rhein.
2562 1842 2737 1916 Mus.

616 1969 683 2041 II
720 1992 785 2064 p.
815 1970 1029 2060 153).
1119 1968 1200 2040 In
1235 1967 1454 2061 primo
1499 1965 1668 2040 folio
1707 1976 2009 2041 notatum
2051 1978 2191 2044 est:
2245 1966 2740 2065 Emptumex

616 2094 834 2169 libris
888 2090 1129 2168 θανά.
1180 2090 1455 2167 Sirleti
1480 2092 1580 2182 ὓ).
1689 2094 1820 2165 Hic
1871 2095 2055 2167 idem
2107 2105 2239 2186 est,
2291 2096 2404 2168 cui
2455 2093 2737 2167 Aldus

613 2222 1131 2311 Manuccius‚
1160 2218 1375 2292 Paulli
1416 2218 1507 2309 f..
1560 2217 1724 2291 Aldi
1760 2221 2273 2311 n.‚·editionem
2313 2242 2505 2296 suam
2539 2219 2739 2295 Gen-

614 2349 852 2438 serini.
910 2370 1085 2443 quae
1127 2347 1440 2420 Venetiis
1494 2368 1555 2417 a.
1599 2345 1791 2420 1581
1834 2347 2114 2443 prodiit,
2150 2350 2514 2445 inscripsit.
2577 2348 2736 2422 Ne-

615 2500 746 2572 que
797 2486 1028 2549 tamen
1077 2475 1211 2549 hoc
1264 2474 1508 2548 codice
1560 2495 1724 2547 usus
1778 2485 1903 2549 est.
2020 2475 2196 2548 Nam
2258 2477 2439 2573 quod
2501 2451 2593 2550 de
2656 2500 2738 2552 se

611 2603 998 2699 praedicat,
1095 2596 1408 2675 Contuli
1465 2586 1722 2675 {cnum-
1767 2604 2164 2698 eoeemplar
2236 2627 2405 2679 cum
2473 2606 2736 2679 munic

608 2732 814 2817 aliia,
866 2751 1057 2828 quae
1107 2735 1295 2801 sunt
1343 2727 1554 2823 apud
1601 2749 1744 2816 m,
1797 2728 1865 2801 id
1921 2728 2395 2807 adnotationes
2440 2732 2529 2805 de
2570 2732 2734 2809 edi-

608 2856 904 2933 tionibus
965 2855 1251 2949 antiquis
1315 2853 1831 2948 intelligendum
1901 2877 2060 2929 esse
2139 2857 2408 2932 docent.
2541 2860 2734 2933 Unus

608 2993 863 3059 tantum
916 2983 1281 3076 „antiquus
1315 2979 1538 3054 libet-'⁹
1592 2981 1821 3055 codex
1859 2986 2357 3080 manuscriptus
2405 2986 2734 3060 essevi-

610 3111 811 3184 detur
863 3111 1052 3202 (m),
1120 3111 1181 3182 is
1232 3117 1461 3181 tamen
1515 3107 1832 3185 diversus
1884 3133 1927 3181 a
1980 3110 2222 3185 codice
2274 3112 2611 3185 Vaticano
2659 3120 2735 3187 et

605 3237 816 3331 longe
868 3234 1217 3308 inferioris
1271 3244 1497 3309 notae.
1618 3237 1958 3311 Manutius
2023 3240 2174 3334 ipse
2227 3225 2452 3313 autem
2506 3262 2731 3335 quae·-

609 3363 765 3435 dam
815 3362 996 3434 haud
1043 3359 1221 3434 male
1256 3365 1588 3453 correxit,
1645 3373 1715 3437 et
1750 3362 2119 3461 permultas
2159 3367 2401 3461 partim
2442 3369 2728 3462 optimas

607 3491 1038 3564 coniecturas
1075 3486 1287 3560 attulit
1338 3488 1687 3565 Ioannis
1722 3489 2075 3567 Cauchii
2101 3490 2239 3587 ss)
2283 3514 2449 3589 quas
2486 3493 2726 3569 nescio

605 3615 787 3691 unde
841 3616 1179 3689 sumserit.

757 3740 1005 3818 Codex
1060 3738 1605 3818 Gorlicensis
1656 3683 2112 3819 bibliothecae
2147 3742 2602 3834 Milichianae‚
2653 3764 2723 3819 n.

679 3947 733 4023 *)
777 3949 871 4006 Cf.
913 3946 1126 4007 Bluinii
1164 3935 1279 4009 Iter
1315 3951 1493 4010 Italic.
1536 3904 1613 4010 lII
1650 3974 1710 4031 p.
1733 3957 1827 4011 68.
1867 3955 1948 4011 IV
1988 3975 2048 4032 p.
2072 3958 2205 4014 276.

678 4066 755 4140 **)
797 4068 870 4124 V.
910 4068 1222 4126 Burmann.
1267 4071 1343 4128 ad
1383 4070 1605 4128 Valesii
1649 4072 1874 4129 emend.
1917 4094 1975 4150 p.
2016 4076 2147 4138 117.
2188 4070 2359 4131 Roth.
2403 4071 2476 4129 ad
2518 4070 2722 4134 Aemil.

751 4144 1001 4201 Probum
1040 4165 1098 4223 p.
1123 4147 1256 4203 246.
