<?xml version="1.0" encoding="UTF-8"?>
<!DOCTYPE html PUBLIC "-//W3C//DTD XHTML 1.0 Transitional//EN"
    "http://www.w3.org/TR/xhtml1/DTD/xhtml1-transitional.dtd">
<html xmlns="http://www.w3.org/1999/xhtml" xml:lang="en" lang="en">
 <head>
  <title>
</title>
<meta http-equiv="Content-Type" content="text/html;charset=utf-8" />
  <meta name='ocr-system' content='tesseract 3.04.00' />
  <meta name='ocr-capabilities' content='ocr_page ocr_carea ocr_par ocr_line ocrx_word'/>
</head>
<body>
  <div class='ocr_page' id='page_1' title='image "./censorinidedien00jahngoog_0046.png"; bbox 0 0 3025 4925; ppageno 0'>
   <div class='ocr_carea' id='block_1_1' title="bbox 656 416 2153 484">
    <p class='ocr_par' dir='ltr' id='par_1_1' title="bbox 656 416 2153 484">
     <span class='ocr_line' id='line_1_1' title="bbox 656 416 2153 484; baseline -0.003 0"><span class='ocrx_word' id='word_1_1' title='bbox 656 429 731 484; x_wconf 83' lang='grc'><strong>18</strong></span> <span class='ocrx_word' id='word_1_2' title='bbox 990 435 1011 454; x_wconf 77' lang='grc'><em>·</em></span> <span class='ocrx_word' id='word_1_3' title='bbox 1255 422 1360 479; x_wconf 87' lang='lat' dir='ltr'><strong>DE</strong></span> <span class='ocrx_word' id='word_1_4' title='bbox 1400 416 1544 479; x_wconf 66' lang='lat' dir='ltr'><strong>DIE·</strong></span> <span class='ocrx_word' id='word_1_5' title='bbox 1571 420 1864 479; x_wconf 80' lang='lat' dir='ltr'>NATALI</span> <span class='ocrx_word' id='word_1_6' title='bbox 1906 420 2073 479; x_wconf 76' lang='lat' dir='ltr'><strong>CAP.</strong></span> <span class='ocrx_word' id='word_1_7' title='bbox 2097 425 2153 480; x_wconf 92' lang='grc'><strong>7.</strong></span> 
     </span>
    </p>
   </div>
   <div class='ocr_carea' id='block_1_2' title="bbox 568 581 2832 2174">
    <p class='ocr_par' dir='ltr' id='par_1_2' title="bbox 568 581 2832 2174">
     <span class='ocr_line' id='line_1_2' title="bbox 649 581 2765 674; baseline 0.001 -23"><span class='ocrx_word' id='word_1_8' title='bbox 649 586 934 674; x_wconf 89' lang='lat' dir='ltr'><strong>pientem</strong></span> <span class='ocrx_word' id='word_1_9' title='bbox 994 583 1424 649; x_wconf 78' lang='lat' dir='ltr'>maturitatem</span> <span class='ocrx_word' id='word_1_10' title='bbox 1485 605 1692 673; x_wconf 87' lang='lat' dir='ltr'><strong>usque</strong></span> <span class='ocrx_word' id='word_1_11' title='bbox 1750 581 1832 648; x_wconf 87' lang='lat' dir='ltr'><strong>ad</strong></span> <span class='ocrx_word' id='word_1_12' title='bbox 1890 581 2116 649; x_wconf 88' lang='lat' dir='ltr'><strong>decem</strong></span> <span class='ocrx_word' id='word_1_13' title='bbox 2180 582 2556 672; x_wconf 73' lang='lat' dir='ltr'><strong>perductam</strong></span> <span class='ocrx_word' id='word_1_14' title='bbox 2610 585 2765 652; x_wconf 86' lang='lat' dir='ltr'><strong>ideo</strong></span> 
     </span>
     <span class='ocr_line' id='line_1_3' title="bbox 654 695 2766 791; baseline 0 -25"><span class='ocrx_word' id='word_1_15' title='bbox 654 699 828 791; x_wconf 79' lang='lat' dir='ltr'><strong>quod</strong></span> <span class='ocrx_word' id='word_1_16' title='bbox 867 698 934 764; x_wconf 92' lang='lat' dir='ltr'><strong>in</strong></span> <span class='ocrx_word' id='word_1_17' title='bbox 978 695 1117 763; x_wconf 86' lang='lat' dir='ltr'><strong>aliis</strong></span> <span class='ocrx_word' id='word_1_18' title='bbox 1160 697 1454 764; x_wconf 82' lang='lat' dir='ltr'><strong>omnibns</strong></span> <span class='ocrx_word' id='word_1_19' title='bbox 1497 696 1662 763; x_wconf 88' lang='lat' dir='ltr'><strong>haec</strong></span> <span class='ocrx_word' id='word_1_20' title='bbox 1705 697 1934 764; x_wconf 85' lang='lat' dir='ltr'><strong>eadem</strong></span> <span class='ocrx_word' id='word_1_21' title='bbox 1975 707 2205 765; x_wconf 80' lang='lat' dir='ltr'><strong>natura</strong></span> <span class='ocrx_word' id='word_1_22' title='bbox 2248 707 2364 780; x_wconf 89' lang='lat' dir='ltr'><strong>est,</strong></span> <span class='ocrx_word' id='word_1_23' title='bbox 2403 707 2477 764; x_wconf 85' lang='lat' dir='ltr'><strong>ut</strong></span> <span class='ocrx_word' id='word_1_24' title='bbox 2509 708 2766 790; x_wconf 77' lang='lat' dir='ltr'><strong>septem</strong></span> 
     </span>
     <span class='ocr_line' id='line_1_4' title="bbox 650 812 2766 882; baseline -0 0"><span class='ocrx_word' id='word_1_25' title='bbox 650 812 977 882; x_wconf 88' lang='lat' dir='ltr'><strong>mensibus</strong></span> <span class='ocrx_word' id='word_1_26' title='bbox 1032 815 1298 880; x_wconf 77' lang='lat' dir='ltr'><strong>armisve</strong></span> <span class='ocrx_word' id='word_1_27' title='bbox 1354 823 1482 880; x_wconf 91' lang='lat' dir='ltr'><strong>tres</strong></span> <span class='ocrx_word' id='word_1_28' title='bbox 1530 821 1643 879; x_wconf 86' lang='lat' dir='ltr'><strong>aut</strong></span> <span class='ocrx_word' id='word_1_29' title='bbox 1683 834 1940 879; x_wconf 88' lang='lat' dir='ltr'><strong>menses</strong></span> <span class='ocrx_word' id='word_1_30' title='bbox 1985 821 2098 879; x_wconf 83' lang='lat' dir='ltr'><strong>aut</strong></span> <span class='ocrx_word' id='word_1_31' title='bbox 2139 814 2287 880; x_wconf 86' lang='lat' dir='ltr'><strong>anni</strong></span> <span class='ocrx_word' id='word_1_32' title='bbox 2331 813 2411 879; x_wconf 85' lang='lat' dir='ltr'><strong>ad</strong></span> <span class='ocrx_word' id='word_1_33' title='bbox 2457 836 2766 881; x_wconf 82' lang='lat' dir='ltr'><strong>consum-</strong></span> 
     </span>
     <span class='ocr_line' id='line_1_5' title="bbox 648 927 2832 1019; baseline -0.003 -23"><span class='ocrx_word' id='word_1_34' title='bbox 648 932 1000 996; x_wconf 76' lang='lat' dir='ltr'><strong>mationem</strong></span> <span class='ocrx_word' id='word_1_35' title='bbox 1043 928 1385 995; x_wconf 81' lang='lat' dir='ltr'>accedant:</span> <span class='ocrx_word' id='word_1_36' title='bbox 1430 950 1584 995; x_wconf 82' lang='lat' dir='ltr'><strong>nam</strong></span> <span class='ocrx_word' id='word_1_37' title='bbox 1629 927 1852 994; x_wconf 86' lang='lat' dir='ltr'><strong>dentes</strong></span> <span class='ocrx_word' id='word_1_38' title='bbox 1898 937 2148 1019; x_wconf 79' lang='lat' dir='ltr'><strong>septem</strong></span> <span class='ocrx_word' id='word_1_39' title='bbox 2200 950 2498 995; x_wconf 87' lang='lat' dir='ltr'><strong>mensum</strong></span> <span class='ocrx_word' id='word_1_40' title='bbox 2538 929 2768 996; x_wconf 71' lang='lat' dir='ltr'><strong>infanti</strong></span> <span class='ocrx_word' id='word_1_41' title='bbox 2793 932 2832 990; x_wconf 99' lang='grc'><strong>4</strong></span> 
     </span>
     <span class='ocr_line' id='line_1_6' title="bbox 597 1039 2764 1134; baseline -0.001 -21"><span class='ocrx_word' id='word_1_42' title='bbox 597 1074 622 1113; x_wconf 83' lang='lat'><strong>5</strong></span> <span class='ocrx_word' id='word_1_43' title='bbox 648 1044 829 1113; x_wconf 80' lang='lat' dir='ltr'><strong>nasci</strong></span> <span class='ocrx_word' id='word_1_44' title='bbox 872 1053 937 1110; x_wconf 88' lang='lat' dir='ltr'><strong>et</strong></span> <span class='ocrx_word' id='word_1_45' title='bbox 975 1043 1259 1109; x_wconf 79' lang='lat' dir='ltr'><strong>maxime</strong></span> <span class='ocrx_word' id='word_1_46' title='bbox 1304 1042 1554 1110; x_wconf 88' lang='lat' dir='ltr'><strong>decimo</strong></span> <span class='ocrx_word' id='word_1_47' title='bbox 1597 1039 1816 1131; x_wconf 87' lang='lat' dir='ltr'><strong>perfici</strong></span> <span class='ocrx_word' id='word_1_48' title='bbox 1858 1065 2101 1122; x_wconf 87' lang='lat' dir='ltr'><strong>mense,</strong></span> <span class='ocrx_word' id='word_1_49' title='bbox 2128 1043 2400 1133; x_wconf 89' lang='lat' dir='ltr'><strong>septimo</strong></span> <span class='ocrx_word' id='word_1_50' title='bbox 2429 1065 2597 1110; x_wconf 86' lang='lat' dir='ltr'><strong>anno</strong></span> <span class='ocrx_word' id='word_1_51' title='bbox 2629 1045 2764 1134; x_wconf 83' lang='lat' dir='ltr'><strong>pri-</strong></span> 
     </span>
     <span class='ocr_line' id='line_1_7' title="bbox 646 1155 2763 1248; baseline -0.001 -21"><span class='ocrx_word' id='word_1_52' title='bbox 646 1183 790 1228; x_wconf 88' lang='lat' dir='ltr'><strong>mos</strong></span> <span class='ocrx_word' id='word_1_53' title='bbox 834 1180 1059 1227; x_wconf 87' lang='lat' dir='ltr'><strong>eorum</strong></span> <span class='ocrx_word' id='word_1_54' title='bbox 1105 1157 1434 1239; x_wconf 83' lang='lat' dir='ltr'><strong>excidere,</strong></span> <span class='ocrx_word' id='word_1_55' title='bbox 1489 1157 1739 1224; x_wconf 86' lang='lat' dir='ltr'><strong>decimo</strong></span> <span class='ocrx_word' id='word_1_56' title='bbox 1782 1155 2072 1238; x_wconf 89' lang='lat' dir='ltr'><strong>ultimos,</strong></span> <span class='ocrx_word' id='word_1_57' title='bbox 2114 1167 2264 1248; x_wconf 86' lang='lat' dir='ltr'><strong>post</strong></span> <span class='ocrx_word' id='word_1_58' title='bbox 2305 1167 2605 1248; x_wconf 74' lang='lat' dir='ltr'><strong>quarmm</strong></span> <span class='ocrx_word' id='word_1_59' title='bbox 2647 1157 2763 1225; x_wconf 88' lang='lat' dir='ltr'><strong>de-</strong></span> 
     </span>
     <span class='ocr_line' id='line_1_8' title="bbox 646 1270 2763 1363; baseline -0.001 -20"><span class='ocrx_word' id='word_1_60' title='bbox 646 1277 887 1343; x_wconf 89' lang='lat' dir='ltr'><strong>cimum</strong></span> <span class='ocrx_word' id='word_1_61' title='bbox 929 1294 1169 1339; x_wconf 88' lang='lat' dir='ltr'><strong>annum</strong></span> <span class='ocrx_word' id='word_1_62' title='bbox 1211 1270 1576 1354; x_wconf 78' lang='lat' dir='ltr'><strong>nonnulloS‚</strong></span> <span class='ocrx_word' id='word_1_63' title='bbox 1619 1270 1734 1339; x_wconf 91' lang='lat' dir='ltr'><strong>sed</strong></span> <span class='ocrx_word' id='word_1_64' title='bbox 1780 1292 2005 1337; x_wconf 90' lang='lat' dir='ltr'><strong>omnes</strong></span> <span class='ocrx_word' id='word_1_65' title='bbox 2048 1274 2213 1338; x_wconf 86' lang='lat' dir='ltr'><strong>intra</strong></span> <span class='ocrx_word' id='word_1_66' title='bbox 2257 1274 2600 1363; x_wconf 86' lang='lat' dir='ltr'><strong>septimum</strong></span> <span class='ocrx_word' id='word_1_67' title='bbox 2643 1274 2763 1341; x_wconf 77' lang='lat' dir='ltr'><strong>de·</strong></span> 
     </span>
     <span class='ocr_line' id='line_1_9' title="bbox 644 1384 2759 1480; baseline -0.001 -22"><span class='ocrx_word' id='word_1_68' title='bbox 644 1391 884 1458; x_wconf 88' lang='lat' dir='ltr'><strong>cimum</strong></span> <span class='ocrx_word' id='word_1_69' title='bbox 929 1408 1169 1453; x_wconf 86' lang='lat' dir='ltr'><strong>annum</strong></span> <span class='ocrx_word' id='word_1_70' title='bbox 1212 1386 1589 1476; x_wconf 80' lang='lat' dir='ltr'><strong>pubescere.</strong></span> <span class='ocrx_word' id='word_1_71' title='bbox 1674 1384 1844 1452; x_wconf 87' lang='lat' dir='ltr'><strong>Huic</strong></span> <span class='ocrx_word' id='word_1_72' title='bbox 1888 1386 2171 1476; x_wconf 88' lang='lat' dir='ltr'><strong>opinioni</strong></span> <span class='ocrx_word' id='word_1_73' title='bbox 2211 1387 2279 1453; x_wconf 91' lang='lat' dir='ltr'><strong>in</strong></span> <span class='ocrx_word' id='word_1_74' title='bbox 2321 1397 2507 1476; x_wconf 87' lang='lat' dir='ltr'><strong>parte</strong></span> <span class='ocrx_word' id='word_1_75' title='bbox 2544 1388 2759 1480; x_wconf 85' lang='lat' dir='ltr'><strong>aliqua</strong></span> 
     </span>
     <span class='ocr_line' id='line_1_10' title="bbox 641 1499 2821 1596; baseline 0 -24"><span class='ocrx_word' id='word_1_76' title='bbox 641 1512 1011 1596; x_wconf 80' lang='lat' dir='ltr'><strong>repugnant</strong></span> <span class='ocrx_word' id='word_1_77' title='bbox 1049 1500 1191 1583; x_wconf 81' lang='lat' dir='ltr'><strong>alii‚·</strong></span> <span class='ocrx_word' id='word_1_78' title='bbox 1218 1499 1345 1569; x_wconf 83' lang='lat' dir='ltr'><strong>alia</strong></span> <span class='ocrx_word' id='word_1_79' title='bbox 1386 1503 1453 1568; x_wconf 92' lang='lat' dir='ltr'><strong>in</strong></span> <span class='ocrx_word' id='word_1_80' title='bbox 1498 1510 1682 1592; x_wconf 81' lang='lat' dir='ltr'><strong>parte</strong></span> <span class='ocrx_word' id='word_1_81' title='bbox 1726 1503 2151 1568; x_wconf 84' lang='lat' dir='ltr'><strong>consentiunt.</strong></span> <span class='ocrx_word' id='word_1_82' title='bbox 2255 1501 2429 1570; x_wconf 82' lang='lat' dir='ltr'><strong>Nam</strong></span> <span class='ocrx_word' id='word_1_83' title='bbox 2480 1504 2756 1594; x_wconf 86' lang='lat' dir='ltr'><strong>septimo</strong></span> <span class='ocrx_word' id='word_1_84' title='bbox 2785 1517 2821 1572; x_wconf 82' lang='lat'>5</span> 
     </span>
     <span class='ocr_line' id='line_1_11' title="bbox 568 1612 2757 1707; baseline 0.001 -23"><span class='ocrx_word' id='word_1_85' title='bbox 568 1645 622 1684; x_wconf 86' lang='lat'><strong>10</strong></span> <span class='ocrx_word' id='word_1_86' title='bbox 644 1642 870 1687; x_wconf 89' lang='lat' dir='ltr'><strong>mense</strong></span> <span class='ocrx_word' id='word_1_87' title='bbox 905 1639 1132 1707; x_wconf 85' lang='lat' dir='ltr'><strong>parere</strong></span> <span class='ocrx_word' id='word_1_88' title='bbox 1169 1614 1502 1682; x_wconf 88' lang='lat' dir='ltr'><strong>mulierem</strong></span> <span class='ocrx_word' id='word_1_89' title='bbox 1525 1637 1718 1705; x_wconf 89' lang='lat' dir='ltr'><strong>posse</strong></span> <span class='ocrx_word' id='word_1_90' title='bbox 1738 1612 1994 1703; x_wconf 86' lang='lat' dir='ltr'><strong>plurimi</strong></span> <span class='ocrx_word' id='word_1_91' title='bbox 2015 1615 2367 1699; x_wconf 83' lang='lat' dir='ltr'><strong>adfirmant,</strong></span> <span class='ocrx_word' id='word_1_92' title='bbox 2387 1626 2461 1684; x_wconf 86' lang='lat' dir='ltr'><strong>ut</strong></span> <span class='ocrx_word' id='word_1_93' title='bbox 2486 1617 2757 1685; x_wconf 76' lang='lat' dir='ltr'><strong>Theano</strong></span> 
     </span>
     <span class='ocr_line' id='line_1_12' title="bbox 638 1729 2759 1824; baseline -0.001 -22"><span class='ocrx_word' id='word_1_94' title='bbox 638 1732 1093 1824; x_wconf 82' lang='lat' dir='ltr'><strong>Pythagorica,</strong></span> <span class='ocrx_word' id='word_1_95' title='bbox 1116 1729 1491 1796; x_wconf 87' lang='lat' dir='ltr'><strong>Aristoteles</strong></span> <span class='ocrx_word' id='word_1_96' title='bbox 1521 1731 1994 1820; x_wconf 87' lang='lat' dir='ltr'><strong>peripateticus,</strong></span> <span class='ocrx_word' id='word_1_97' title='bbox 2012 1730 2276 1798; x_wconf 86' lang='lat' dir='ltr'><strong>Diocles</strong></span> <span class='ocrx_word' id='word_1_98' title='bbox 2295 1730 2557 1798; x_wconf 78' lang='lat' dir='ltr'><strong>Euenor</strong></span> <span class='ocrx_word' id='word_1_99' title='bbox 2575 1732 2759 1800; x_wconf 80' lang='lat' dir='ltr'><strong>Stra-</strong></span> 
     </span>
     <span class='ocr_line' id='line_1_13' title="bbox 640 1841 2755 1936; baseline 0 -23"><span class='ocrx_word' id='word_1_100' title='bbox 640 1858 752 1913; x_wconf 90' lang='lat' dir='ltr'><strong>ton</strong></span> <span class='ocrx_word' id='word_1_101' title='bbox 777 1842 1207 1934; x_wconf 83' lang='lat' dir='ltr'><strong>Empedocles</strong></span> <span class='ocrx_word' id='word_1_102' title='bbox 1232 1844 1559 1934; x_wconf 84' lang='lat' dir='ltr'><strong>Epigenes</strong></span> <span class='ocrx_word' id='word_1_103' title='bbox 1591 1841 1905 1936; x_wconf 82' lang='lat' dir='ltr'><strong>multique</strong></span> <span class='ocrx_word' id='word_1_104' title='bbox 1927 1856 2282 1935; x_wconf 86' lang='lat' dir='ltr'><strong>praeterea,</strong></span> <span class='ocrx_word' id='word_1_105' title='bbox 2310 1868 2584 1936; x_wconf 86' lang='lat' dir='ltr'><strong>quorum</strong></span> <span class='ocrx_word' id='word_1_106' title='bbox 2614 1869 2755 1914; x_wconf 75' lang='lat' dir='ltr'><strong>om-</strong></span> 
     </span>
     <span class='ocr_line' id='line_1_14' title="bbox 637 1958 2755 2049; baseline 0 -20"><span class='ocrx_word' id='word_1_107' title='bbox 637 1963 817 2030; x_wconf 87' lang='lat' dir='ltr'><strong>nium</strong></span> <span class='ocrx_word' id='word_1_108' title='bbox 871 1981 1226 2026; x_wconf 84' lang='lat' dir='ltr'><strong>consensus</strong></span> <span class='ocrx_word' id='word_1_109' title='bbox 1283 1958 1746 2049; x_wconf 88' lang='lat' dir='ltr'><strong>Euryphonem</strong></span> <span class='ocrx_word' id='word_1_110' title='bbox 1806 1958 2110 2028; x_wconf 73' lang='lat' dir='ltr'><strong>Gnidiam</strong></span> <span class='ocrx_word' id='word_1_111' title='bbox 2174 1984 2304 2029; x_wconf 85' lang='lat' dir='ltr'><strong>non</strong></span> <span class='ocrx_word' id='word_1_112' title='bbox 2361 1962 2639 2029; x_wconf 82' lang='lat' dir='ltr'><strong>deterret</strong></span> <span class='ocrx_word' id='word_1_113' title='bbox 2688 1963 2755 2030; x_wconf 74' lang='lat' dir='ltr'><strong>id</strong></span> 
     </span>
     <span class='ocr_line' id='line_1_15' title="bbox 635 2072 2817 2174; baseline 0.001 -32"><span class='ocrx_word' id='word_1_114' title='bbox 635 2078 850 2168; x_wconf 87' lang='lat' dir='ltr'><strong>ipsum</strong></span> <span class='ocrx_word' id='word_1_115' title='bbox 890 2072 1207 2163; x_wconf 78' lang='lat' dir='ltr'><strong>intrepide</strong></span> <span class='ocrx_word' id='word_1_116' title='bbox 1251 2085 1732 2164; x_wconf 82' lang='lat' dir='ltr'><strong>pernegantem.</strong></span> <span class='ocrx_word' id='word_1_117' title='bbox 1822 2073 2066 2140; x_wconf 82' lang='lat' dir='ltr'><strong>Contra</strong></span> <span class='ocrx_word' id='word_1_118' title='bbox 2111 2096 2263 2140; x_wconf 88' lang='lat' dir='ltr'><strong>eum</strong></span> <span class='ocrx_word' id='word_1_119' title='bbox 2301 2075 2751 2174; x_wconf 65' lang='lat' dir='ltr'><strong>iermeonmes</strong></span> <span class='ocrx_word' id='word_1_120' title='bbox 2779 2099 2817 2153; x_wconf 85' lang='lat'>6</span> 
     </span>
    </p>
   </div>
   <div class='ocr_carea' id='block_1_3' title="bbox 636 2297 2750 2454">
    <p class='ocr_par' dir='ltr' id='par_1_3' title="bbox 636 2297 2750 2454">
     <span class='ocr_line' id='line_1_16' title="bbox 637 2297 2750 2378; baseline 0 -19"><span class='ocrx_word' id='word_1_121' title='bbox 637 2306 669 2359; x_wconf 85' lang='lat'>1</span> <span class='ocrx_word' id='word_1_122' title='bbox 714 2300 1000 2357; x_wconf 85' lang='lat' dir='ltr'><strong>decimum</strong></span> <span class='ocrx_word' id='word_1_123' title='bbox 1115 2303 1153 2358; x_wconf 86' lang='grc'><strong>3</strong></span> <span class='ocrx_word' id='word_1_124' title='bbox 1193 2297 1677 2356; x_wconf 77' lang='lat' dir='ltr'><strong>confirmationem</strong></span> <span class='ocrx_word' id='word_1_125' title='bbox 1792 2298 1831 2356; x_wconf 93' lang='grc'><strong>4</strong></span> <span class='ocrx_word' id='word_1_126' title='bbox 1868 2299 2148 2356; x_wconf 73' lang='lat' dir='ltr'><strong>mensium</strong></span> <span class='ocrx_word' id='word_1_127' title='bbox 2263 2303 2299 2356; x_wconf 88' lang='lat'>6</span> <span class='ocrx_word' id='word_1_128' title='bbox 2329 2300 2459 2359; x_wconf 87' lang='lat' dir='ltr'><strong>dec.</strong></span> <span class='ocrx_word' id='word_1_129' title='bbox 2486 2312 2750 2378; x_wconf 71' lang='lat' dir='ltr'><strong>quartum</strong></span> 
     </span>
     <span class='ocr_line' id='line_1_17' title="bbox 636 2374 2044 2454; baseline -0.004 -17"><span class='ocrx_word' id='word_1_130' title='bbox 636 2385 673 2437; x_wconf 95' lang='grc'><strong>9</strong></span> <span class='ocrx_word' id='word_1_131' title='bbox 715 2377 830 2445; x_wconf 81' lang='lat' dir='ltr'><strong>alii,</strong></span> <span class='ocrx_word' id='word_1_132' title='bbox 870 2375 970 2443; x_wconf 82' lang='lat' dir='ltr'><strong>alii</strong></span> <span class='ocrx_word' id='word_1_133' title='bbox 1150 2380 1223 2434; x_wconf 88' lang='lat'><strong>13</strong></span> <span class='ocrx_word' id='word_1_134' title='bbox 1261 2374 1733 2454; x_wconf 82' lang='lat' dir='ltr'><strong>Euthyphronem</strong></span> <span class='ocrx_word' id='word_1_135' title='bbox 1777 2374 2044 2432; x_wconf 89' lang='lat' dir='ltr'><strong>Cnidium</strong></span> 
     </span>
    </p>
   </div>
   <div class='ocr_carea' id='block_1_4' title="bbox 615 2585 2826 4277">
    <p class='ocr_par' dir='ltr' id='par_1_4' title="bbox 615 2585 2826 4277">
     <span class='ocr_line' id='line_1_18' title="bbox 636 2585 2753 2670; baseline 0 -20"><span class='ocrx_word' id='word_1_136' title='bbox 636 2598 665 2650; x_wconf 90' lang='lat'><strong>1</strong></span> <span class='ocrx_word' id='word_1_137' title='bbox 695 2591 963 2650; x_wconf 79' lang='lat' dir='ltr'><strong>decimum</strong></span> <span class='ocrx_word' id='word_1_138' title='bbox 987 2590 1064 2665; x_wconf 88' lang='lat' dir='ltr'><strong>gl.</strong></span> <span class='ocrx_word' id='word_1_139' title='bbox 1172 2588 1331 2666; x_wconf 76' lang='lat' dir='ltr'><strong>prod.</strong></span> <span class='ocrx_word' id='word_1_140' title='bbox 1354 2609 1410 2666; x_wconf 88' lang='lat' dir='ltr'><strong>g.</strong></span> <span class='ocrx_word' id='word_1_141' title='bbox 1529 2593 1566 2646; x_wconf 88' lang='lat'><strong>3</strong></span> <span class='ocrx_word' id='word_1_142' title='bbox 1607 2585 2076 2662; x_wconf 72' lang='lat' dir='ltr'><strong>confirmationem</strong></span> <span class='ocrx_word' id='word_1_143' title='bbox 2099 2589 2176 2665; x_wconf 91' lang='lat' dir='ltr'><strong>gl.</strong></span> <span class='ocrx_word' id='word_1_144' title='bbox 2293 2591 2332 2649; x_wconf 94' lang='grc'><strong>4</strong></span> <span class='ocrx_word' id='word_1_145' title='bbox 2369 2594 2638 2650; x_wconf 67' lang='lat' dir='ltr'><strong>niensium</strong></span> <span class='ocrx_word' id='word_1_146' title='bbox 2676 2592 2753 2670; x_wconf 87' lang='lat' dir='ltr'><strong>gl.</strong></span> 
     </span>
     <span class='ocr_line' id='line_1_19' title="bbox 634 2662 2754 2747; baseline 0.001 -23"><span class='ocrx_word' id='word_1_147' title='bbox 634 2672 671 2729; x_wconf 87' lang='grc'>5</span> <span class='ocrx_word' id='word_1_148' title='bbox 710 2670 926 2744; x_wconf 68' lang='lat' dir='ltr'><strong>primm</strong></span> <span class='ocrx_word' id='word_1_149' title='bbox 960 2667 1035 2723; x_wconf 91' lang='lat' dir='ltr'><strong>D.</strong></span> <span class='ocrx_word' id='word_1_150' title='bbox 1154 2671 1191 2723; x_wconf 85' lang='lat'>6</span> <span class='ocrx_word' id='word_1_151' title='bbox 1229 2666 1462 2724; x_wconf 71' lang='lat' dir='ltr'><strong>ultimus</strong></span> <span class='ocrx_word' id='word_1_152' title='bbox 1483 2665 1560 2722; x_wconf 86' lang='lat' dir='ltr'><strong>D.</strong></span> <span class='ocrx_word' id='word_1_153' title='bbox 1677 2669 1715 2725; x_wconf 87' lang='grc'>8</span> <span class='ocrx_word' id='word_1_154' title='bbox 1755 2664 1936 2742; x_wconf 58' lang='lat' dir='ltr'><strong>aliqui</strong></span> <span class='ocrx_word' id='word_1_155' title='bbox 1959 2684 2075 2742; x_wconf 81' lang='lat' dir='ltr'><strong>rep.</strong></span> <span class='ocrx_word' id='word_1_156' title='bbox 2115 2668 2192 2742; x_wconf 84' lang='lat' dir='ltr'><strong>gl.</strong></span> <span class='ocrx_word' id='word_1_157' title='bbox 2309 2674 2347 2726; x_wconf 98' lang='grc'><strong>9</strong></span> <span class='ocrx_word' id='word_1_158' title='bbox 2386 2662 2644 2727; x_wconf 55' lang='lat' dir='ltr'><strong>chaom.</strong></span> <span class='ocrx_word' id='word_1_159' title='bbox 2674 2671 2754 2747; x_wconf 75' lang='lat' dir='ltr'><strong>gt,</strong></span> 
     </span>
     <span class='ocr_line' id='line_1_20' title="bbox 629 2741 2826 2820; baseline 0.001 -17"><span class='ocrx_word' id='word_1_160' title='bbox 629 2745 735 2804; x_wconf 72' lang='lat' dir='ltr'><strong>atii</strong></span> <span class='ocrx_word' id='word_1_161' title='bbox 771 2743 898 2801; x_wconf 90' lang='lat' dir='ltr'><strong>DR.</strong></span> <span class='ocrx_word' id='word_1_162' title='bbox 1014 2748 1086 2801; x_wconf 87' lang='lat'><strong>11</strong></span> <span class='ocrx_word' id='word_1_163' title='bbox 1130 2749 1230 2820; x_wconf 69' lang='lat' dir='ltr'><strong>pyt</strong></span> <span class='ocrx_word' id='word_1_164' title='bbox 1340 2746 1525 2801; x_wconf 75' lang='lat' dir='ltr'><strong>oricus</strong></span> <span class='ocrx_word' id='word_1_165' title='bbox 1561 2741 1673 2799; x_wconf 91' lang='lat' dir='ltr'><strong>DR</strong></span> <span class='ocrx_word' id='word_1_166' title='bbox 1709 2744 1846 2800; x_wconf 86' lang='lat' dir='ltr'><strong>vitio</strong></span> <span class='ocrx_word' id='word_1_167' title='bbox 1887 2742 2106 2800; x_wconf 83' lang='lat' dir='ltr'><strong>dudum</strong></span> <span class='ocrx_word' id='word_1_168' title='bbox 2144 2744 2389 2805; x_wconf 84' lang='lat' dir='ltr'><strong>sublato.</strong></span> <span class='ocrx_word' id='word_1_169' title='bbox 2518 2746 2753 2809; x_wconf 69' lang='lat' dir='ltr'><strong>Aristo-</strong></span> <span class='ocrx_word' id='word_1_170' title='bbox 2796 2803 2826 2818; x_wconf 45' lang='grc'><strong>,,</strong></span> 
     </span>
     <span class='ocr_line' id='line_1_21' title="bbox 632 2818 2748 2897; baseline 0 -18"><span class='ocrx_word' id='word_1_171' title='bbox 632 2820 758 2879; x_wconf 73' lang='lat' dir='ltr'><strong>telis</strong></span> <span class='ocrx_word' id='word_1_172' title='bbox 793 2820 867 2878; x_wconf 91' lang='lat' dir='ltr'><strong>D.</strong></span> <span class='ocrx_word' id='word_1_173' title='bbox 908 2820 1041 2876; x_wconf 84' lang='lat' dir='ltr'><strong>hist.</strong></span> <span class='ocrx_word' id='word_1_174' title='bbox 1085 2839 1176 2876; x_wconf 89' lang='lat' dir='ltr'><strong>an.</strong></span> <span class='ocrx_word' id='word_1_175' title='bbox 1218 2819 1344 2887; x_wconf 88' lang='lat' dir='ltr'><strong>VI,</strong></span> <span class='ocrx_word' id='word_1_176' title='bbox 1364 2819 1420 2877; x_wconf 82' lang='lat'><strong>4.</strong></span> <span class='ocrx_word' id='word_1_177' title='bbox 1551 2818 1769 2877; x_wconf 77' lang='lat' dir='ltr'><strong>Diocles</strong></span> <span class='ocrx_word' id='word_1_178' title='bbox 1809 2819 2125 2894; x_wconf 48' lang='lat' dir='ltr'><strong>Carystio&amp;</strong></span> <span class='ocrx_word' id='word_1_179' title='bbox 2167 2818 2239 2877; x_wconf 91' lang='lat' dir='ltr'><strong>de</strong></span> <span class='ocrx_word' id='word_1_180' title='bbox 2282 2838 2395 2897; x_wconf 89' lang='lat' dir='ltr'><strong>quo</strong></span> <span class='ocrx_word' id='word_1_181' title='bbox 2437 2821 2511 2878; x_wconf 84' lang='lat' dir='ltr'><strong>cf.</strong></span> <span class='ocrx_word' id='word_1_182' title='bbox 2550 2822 2748 2884; x_wconf 81' lang='lat' dir='ltr'><strong>Kiihn.</strong></span> 
     </span>
     <span class='ocr_line' id='line_1_22' title="bbox 632 2896 2752 2978; baseline 0.001 -22"><span class='ocrx_word' id='word_1_183' title='bbox 632 2918 771 2978; x_wconf 90' lang='lat' dir='ltr'><strong>opp.</strong></span> <span class='ocrx_word' id='word_1_184' title='bbox 812 2898 864 2955; x_wconf 78' lang='grc' dir='ltr'><strong>ΙΙ</strong></span> <span class='ocrx_word' id='word_1_185' title='bbox 901 2899 1062 2976; x_wconf 80' lang='lat' dir='ltr'><strong>p.87</strong></span> <span class='ocrx_word' id='word_1_186' title='bbox 1085 2914 1213 2972; x_wconf 88' lang='lat' dir='ltr'><strong>sqq.</strong></span> <span class='ocrx_word' id='word_1_187' title='bbox 1268 2896 1583 2974; x_wconf 84' lang='lat' dir='ltr'><strong>praecipue</strong></span> <span class='ocrx_word' id='word_1_188' title='bbox 1667 2900 1818 2955; x_wconf 81' lang='grc'><strong>,112</strong></span> <span class='ocrx_word' id='word_1_189' title='bbox 1838 2914 1927 2972; x_wconf 90' lang='lat' dir='ltr'><strong>sq.</strong></span> <span class='ocrx_word' id='word_1_190' title='bbox 2011 2936 2016 2941; x_wconf 36' lang='grc' dir='ltr'><em>ι</em></span> <span class='ocrx_word' id='word_1_191' title='bbox 2100 2900 2316 2955; x_wconf 65' lang='lat' dir='ltr'><strong>Euam</strong></span> <span class='ocrx_word' id='word_1_192' title='bbox 2351 2898 2519 2974; x_wconf 85' lang='lat' dir='ltr'><strong>Rgla.</strong></span> <span class='ocrx_word' id='word_1_193' title='bbox 2560 2899 2752 2958; x_wconf 67' lang='lat' dir='ltr'><strong>Endo-</strong></span> 
     </span>
     <span class='ocr_line' id='line_1_23' title="bbox 629 2915 2751 3034; baseline 0 -1"><span class='ocrx_word' id='word_1_194' title='bbox 629 2994 757 3033; x_wconf 72' lang='lat' dir='ltr'><strong>mm</strong></span> <span class='ocrx_word' id='word_1_195' title='bbox 807 2977 955 3032; x_wconf 89' lang='lat' dir='ltr'><strong>coni.</strong></span> <span class='ocrx_word' id='word_1_196' title='bbox 995 2974 1283 3031; x_wconf 86' lang='lat' dir='ltr'><strong>Manutius</strong></span> <span class='ocrx_word' id='word_1_197' title='bbox 1339 2972 1410 3028; x_wconf 92' lang='lat' dir='ltr'><strong>cl.</strong></span> <span class='ocrx_word' id='word_1_198' title='bbox 1460 2973 1586 3029; x_wconf 88' lang='lat' dir='ltr'><strong>Ael.</strong></span> <span class='ocrx_word' id='word_1_199' title='bbox 1622 2915 1684 3029; x_wconf 67' lang='lat' dir='ltr'><strong>li.</strong></span> <span class='ocrx_word' id='word_1_200' title='bbox 1728 2991 1820 3030; x_wconf 88' lang='lat' dir='ltr'><strong>an.</strong></span> <span class='ocrx_word' id='word_1_201' title='bbox 1900 2976 2126 3030; x_wconf 78' lang='lat' dir='ltr'><strong>Euenor</strong></span> <span class='ocrx_word' id='word_1_202' title='bbox 2171 2973 2428 3031; x_wconf 87' lang='lat' dir='ltr'><strong>medicus</strong></span> <span class='ocrx_word' id='word_1_203' title='bbox 2480 2975 2751 3034; x_wconf 84' lang='lat' dir='ltr'><strong>laudatur</strong></span> 
     </span>
     <span class='ocr_line' id='line_1_24' title="bbox 628 3048 2746 3142; baseline 0.001 -34"><span class='ocrx_word' id='word_1_204' title='bbox 628 3052 836 3110; x_wconf 85' lang='lat' dir='ltr'><strong>Athen.</strong></span> <span class='ocrx_word' id='word_1_205' title='bbox 877 3051 928 3109; x_wconf 93' lang='lat'><strong>11</strong></span> <span class='ocrx_word' id='word_1_206' title='bbox 1011 3051 1123 3109; x_wconf 84' lang='grc'><strong>,46</strong></span> <span class='ocrx_word' id='word_1_207' title='bbox 1162 3050 1236 3107; x_wconf 91' lang='lat' dir='ltr'><strong>D.</strong></span> <span class='ocrx_word' id='word_1_208' title='bbox 1276 3049 1425 3106; x_wconf 89' lang='lat' dir='ltr'><strong>Plin.</strong></span> <span class='ocrx_word' id='word_1_209' title='bbox 1466 3049 1619 3117; x_wconf 87' lang='lat' dir='ltr'><strong>XXI,</strong></span> <span class='ocrx_word' id='word_1_210' title='bbox 1641 3053 1736 3117; x_wconf 84' lang='lat'><strong>31,</strong></span> <span class='ocrx_word' id='word_1_211' title='bbox 1761 3051 1892 3108; x_wconf 88' lang='lat'><strong>105.</strong></span> <span class='ocrx_word' id='word_1_212' title='bbox 1937 3048 2148 3106; x_wconf 84' lang='lat' dir='ltr'><strong>Galen.</strong></span> <span class='ocrx_word' id='word_1_213' title='bbox 2190 3050 2267 3106; x_wconf 84' lang='lat' dir='ltr'><strong>ad</strong></span> <span class='ocrx_word' id='word_1_214' title='bbox 2302 3051 2482 3142; x_wconf 85' lang='lat' dir='ltr'><strong>Hipp.</strong></span> <span class='ocrx_word' id='word_1_215' title='bbox 2524 3051 2598 3110; x_wconf 87' lang='lat' dir='ltr'><strong>de</strong></span> <span class='ocrx_word' id='word_1_216' title='bbox 2638 3063 2746 3111; x_wconf 86' lang='lat' dir='ltr'><strong>art.</strong></span> 
     </span>
     <span class='ocr_line' id='line_1_25' title="bbox 629 3124 2745 3204; baseline -0 -18"><span class='ocrx_word' id='word_1_217' title='bbox 629 3128 827 3196; x_wconf 83' lang='lat' dir='ltr'><strong>lv‚4o</strong></span> <span class='ocrx_word' id='word_1_218' title='bbox 865 3137 905 3184; x_wconf 91' lang='lat' dir='ltr'><strong>t.</strong></span> <span class='ocrx_word' id='word_1_219' title='bbox 1060 3126 1152 3194; x_wconf 88' lang='lat'>111,</span> <span class='ocrx_word' id='word_1_220' title='bbox 1174 3130 1204 3183; x_wconf 92' lang='lat'>1</span> <span class='ocrx_word' id='word_1_221' title='bbox 1249 3145 1308 3204; x_wconf 90' lang='lat' dir='ltr'><strong>p.</strong></span> <span class='ocrx_word' id='word_1_222' title='bbox 1328 3128 1441 3183; x_wconf 84' lang='lat'><strong>736</strong></span> <span class='ocrx_word' id='word_1_223' title='bbox 1468 3126 1546 3183; x_wconf 92' lang='lat' dir='ltr'><strong>K.</strong></span> <span class='ocrx_word' id='word_1_224' title='bbox 1592 3125 1755 3182; x_wconf 79' lang='lat' dir='ltr'><strong>Cael.</strong></span> <span class='ocrx_word' id='word_1_225' title='bbox 1781 3124 1976 3182; x_wconf 86' lang='lat' dir='ltr'><strong>Aurel.</strong></span> <span class='ocrx_word' id='word_1_226' title='bbox 2016 3125 2309 3195; x_wconf 82' lang='lat' dir='ltr'><strong>ac.11,16‚</strong></span> <span class='ocrx_word' id='word_1_227' title='bbox 2351 3146 2448 3203; x_wconf 77' lang='lat' dir='ltr'><strong>qur</strong></span> <span class='ocrx_word' id='word_1_228' title='bbox 2488 3129 2612 3185; x_wconf 90' lang='lat' dir='ltr'><strong>eius</strong></span> <span class='ocrx_word' id='word_1_229' title='bbox 2642 3148 2745 3186; x_wconf 85' lang='lat' dir='ltr'><strong>cu-</strong></span> 
     </span>
     <span class='ocr_line' id='line_1_26' title="bbox 630 3201 2747 3270; baseline 0 -8"><span class='ocrx_word' id='word_1_230' title='bbox 630 3206 916 3262; x_wconf 86' lang='lat' dir='ltr'><strong>rationum</strong></span> <span class='ocrx_word' id='word_1_231' title='bbox 953 3205 992 3260; x_wconf 93' lang='lat' dir='ltr'><strong>l.</strong></span> <span class='ocrx_word' id='word_1_232' title='bbox 1037 3203 1092 3259; x_wconf 85' lang='lat' dir='ltr'><strong>V</strong></span> <span class='ocrx_word' id='word_1_233' title='bbox 1133 3201 1304 3259; x_wconf 78' lang='lat' dir='ltr'><strong>affert</strong></span> <span class='ocrx_word' id='word_1_234' title='bbox 1356 3202 1552 3259; x_wconf 90' lang='lat' dir='ltr'><strong>chron.</strong></span> <span class='ocrx_word' id='word_1_235' title='bbox 1594 3202 1690 3270; x_wconf 88' lang='lat'>111,</span> <span class='ocrx_word' id='word_1_236' title='bbox 1727 3206 1944 3269; x_wconf 90' lang='grc'><strong>8,122.</strong></span> <span class='ocrx_word' id='word_1_237' title='bbox 2139 3205 2374 3261; x_wconf 76' lang='lat' dir='ltr'><strong>sturton</strong></span> <span class='ocrx_word' id='word_1_238' title='bbox 2413 3203 2577 3262; x_wconf 79' lang='lat' dir='ltr'><strong>DRa.</strong></span> <span class='ocrx_word' id='word_1_239' title='bbox 2654 3206 2747 3263; x_wconf 90' lang='lat' dir='ltr'><strong>De</strong></span> 
     </span>
     <span class='ocr_line' id='line_1_27' title="bbox 630 3278 2744 3358; baseline 0 -19"><span class='ocrx_word' id='word_1_240' title='bbox 630 3285 900 3340; x_wconf 76' lang='lat' dir='ltr'><strong>Stratone</strong></span> <span class='ocrx_word' id='word_1_241' title='bbox 945 3281 1020 3337; x_wconf 83' lang='lat' dir='ltr'><strong>cf.</strong></span> <span class='ocrx_word' id='word_1_242' title='bbox 1061 3279 1306 3336; x_wconf 83' lang='lat' dir='ltr'><strong>Krische</strong></span> <span class='ocrx_word' id='word_1_243' title='bbox 1347 3278 1623 3354; x_wconf 87' lang='lat' dir='ltr'><strong>Forschg.</strong></span> <span class='ocrx_word' id='word_1_244' title='bbox 1664 3298 1724 3357; x_wconf 90' lang='lat' dir='ltr'><strong>p.</strong></span> <span class='ocrx_word' id='word_1_245' title='bbox 1747 3282 1861 3337; x_wconf 77' lang='lat'><strong>350</strong></span> <span class='ocrx_word' id='word_1_246' title='bbox 1880 3297 2008 3354; x_wconf 85' lang='lat' dir='ltr'><strong>sqq.</strong></span> <span class='ocrx_word' id='word_1_247' title='bbox 2202 3284 2276 3337; x_wconf 86' lang='lat'><strong>12</strong></span> <span class='ocrx_word' id='word_1_248' title='bbox 2315 3283 2604 3356; x_wconf 73' lang='lat' dir='ltr'><strong>Epiyenes,</strong></span> <span class='ocrx_word' id='word_1_249' title='bbox 2646 3283 2744 3358; x_wconf 88' lang='lat' dir='ltr'><strong>qui</strong></span> 
     </span>
     <span class='ocr_line' id='line_1_28' title="bbox 624 3354 2742 3433; baseline 0 -18"><span class='ocrx_word' id='word_1_250' title='bbox 624 3376 760 3415; x_wconf 86' lang='lat' dir='ltr'><strong>mox</strong></span> <span class='ocrx_word' id='word_1_251' title='bbox 796 3356 1110 3433; x_wconf 81' lang='lat' dir='ltr'><strong>Byzantius</strong></span> <span class='ocrx_word' id='word_1_252' title='bbox 1161 3362 1424 3423; x_wconf 79' lang='lat' dir='ltr'><strong>vocatur,</strong></span> <span class='ocrx_word' id='word_1_253' title='bbox 1479 3356 1629 3413; x_wconf 86' lang='lat' dir='ltr'><strong>inter</strong></span> <span class='ocrx_word' id='word_1_254' title='bbox 1679 3354 2000 3430; x_wconf 82' lang='lat' dir='ltr'><strong>astrologos</strong></span> <span class='ocrx_word' id='word_1_255' title='bbox 2055 3354 2303 3413; x_wconf 83' lang='lat' dir='ltr'><strong>refertur</strong></span> <span class='ocrx_word' id='word_1_256' title='bbox 2351 3376 2402 3414; x_wconf 93' lang='lat' dir='ltr'><strong>c.</strong></span> <span class='ocrx_word' id='word_1_257' title='bbox 2442 3362 2535 3425; x_wconf 89' lang='grc'><strong>17,</strong></span> <span class='ocrx_word' id='word_1_258' title='bbox 2563 3359 2621 3417; x_wconf 96' lang='grc'><strong>4.</strong></span> <span class='ocrx_word' id='word_1_259' title='bbox 2664 3359 2742 3416; x_wconf 85' lang='lat' dir='ltr'><strong>cf.</strong></span> 
     </span>
     <span class='ocr_line' id='line_1_29' title="bbox 622 3431 2741 3511; baseline 0.001 -19"><span class='ocrx_word' id='word_1_260' title='bbox 622 3434 834 3492; x_wconf 87' lang='lat' dir='ltr'><strong>Senec.</strong></span> <span class='ocrx_word' id='word_1_261' title='bbox 877 3452 971 3510; x_wconf 89' lang='lat' dir='ltr'><strong>qu.</strong></span> <span class='ocrx_word' id='word_1_262' title='bbox 1013 3440 1130 3490; x_wconf 83' lang='lat' dir='ltr'><strong>nat.</strong></span> <span class='ocrx_word' id='word_1_263' title='bbox 1172 3432 1304 3499; x_wconf 87' lang='lat' dir='ltr'><strong>VII,</strong></span> <span class='ocrx_word' id='word_1_264' title='bbox 1331 3436 1386 3489; x_wconf 85' lang='lat'><strong>3.</strong></span> <span class='ocrx_word' id='word_1_265' title='bbox 1426 3431 1577 3488; x_wconf 91' lang='lat' dir='ltr'><strong>Plin.</strong></span> <span class='ocrx_word' id='word_1_266' title='bbox 1616 3431 1748 3499; x_wconf 82' lang='lat' dir='ltr'><strong>Vll,</strong></span> <span class='ocrx_word' id='word_1_267' title='bbox 1769 3434 1862 3489; x_wconf 85' lang='lat'><strong>56.</strong></span> <span class='ocrx_word' id='word_1_268' title='bbox 1914 3431 2066 3489; x_wconf 91' lang='lat' dir='ltr'><strong>Plut.</strong></span> <span class='ocrx_word' id='word_1_269' title='bbox 2119 3431 2270 3509; x_wconf 82' lang='lat' dir='ltr'><strong>plac.</strong></span> <span class='ocrx_word' id='word_1_270' title='bbox 2311 3433 2454 3511; x_wconf 86' lang='lat' dir='ltr'><strong>phil.</strong></span> <span class='ocrx_word' id='word_1_271' title='bbox 2477 3434 2573 3502; x_wconf 84' lang='grc' dir='ltr'><strong>ΙΠ,</strong></span> <span class='ocrx_word' id='word_1_272' title='bbox 2598 3439 2656 3503; x_wconf 89' lang='grc'><strong>2,</strong></span> <span class='ocrx_word' id='word_1_273' title='bbox 2680 3436 2741 3494; x_wconf 92' lang='grc'><strong>4.</strong></span> 
     </span>
     <span class='ocr_line' id='line_1_30' title="bbox 623 3501 2741 3585; baseline 0.001 -19"><span class='ocrx_word' id='word_1_274' title='bbox 623 3510 818 3569; x_wconf 78' lang='lat' dir='ltr'><strong>Ideler</strong></span> <span class='ocrx_word' id='word_1_275' title='bbox 854 3507 1009 3569; x_wconf 84' lang='lat' dir='ltr'><strong>Hdb.</strong></span> <span class='ocrx_word' id='word_1_276' title='bbox 1052 3508 1110 3565; x_wconf 87' lang='lat' dir='ltr'><strong>d.</strong></span> <span class='ocrx_word' id='word_1_277' title='bbox 1154 3508 1367 3566; x_wconf 86' lang='lat' dir='ltr'><strong>Chron.</strong></span> <span class='ocrx_word' id='word_1_278' title='bbox 1408 3508 1434 3564; x_wconf 93' lang='lat'>1</span> <span class='ocrx_word' id='word_1_279' title='bbox 1472 3527 1533 3585; x_wconf 87' lang='lat' dir='ltr'><strong>p.</strong></span> <span class='ocrx_word' id='word_1_280' title='bbox 1555 3511 1689 3567; x_wconf 85' lang='lat'><strong>218.</strong></span> <span class='ocrx_word' id='word_1_281' title='bbox 1743 3507 1872 3566; x_wconf 88' lang='lat' dir='ltr'><strong>Scri</strong></span> <span class='ocrx_word' id='word_1_282' title='bbox 1917 3509 1992 3565; x_wconf 87' lang='lat' dir='ltr'><strong>sit</strong></span> <span class='ocrx_word' id='word_1_283' title='bbox 2040 3501 2379 3566; x_wconf 75' lang='grc' dir='ltr'><strong><em>Χαλδαῖκά</em></strong></span> <span class='ocrx_word' id='word_1_284' title='bbox 2427 3520 2576 3568; x_wconf 79' lang='lat' dir='ltr'><strong>teste</strong></span> <span class='ocrx_word' id='word_1_285' title='bbox 2616 3511 2741 3569; x_wconf 78' lang='lat' dir='ltr'><strong>sch.</strong></span> 
     </span>
     <span class='ocr_line' id='line_1_31' title="bbox 623 3583 2738 3667; baseline 0 -22"><span class='ocrx_word' id='word_1_286' title='bbox 623 3587 817 3667; x_wconf 80' lang='lat' dir='ltr'><strong>Apoll.</strong></span> <span class='ocrx_word' id='word_1_287' title='bbox 855 3586 967 3645; x_wconf 79' lang='lat' dir='ltr'><strong>Rh.</strong></span> <span class='ocrx_word' id='word_1_288' title='bbox 1005 3585 1100 3654; x_wconf 92' lang='lat'>111,</span> <span class='ocrx_word' id='word_1_289' title='bbox 1141 3588 1292 3644; x_wconf 87' lang='grc'><strong>1378</strong></span> <span class='ocrx_word' id='word_1_290' title='bbox 1332 3602 1405 3642; x_wconf 87' lang='lat' dir='ltr'><strong>ex</strong></span> <span class='ocrx_word' id='word_1_291' title='bbox 1446 3583 1846 3642; x_wconf 82' lang='lat' dir='ltr'><strong>emendatione</strong></span> <span class='ocrx_word' id='word_1_292' title='bbox 1924 3585 2126 3642; x_wconf 85' lang='lat' dir='ltr'><strong>obecki</strong></span> <span class='ocrx_word' id='word_1_293' title='bbox 2151 3584 2278 3661; x_wconf 85' lang='lat' dir='ltr'><strong>Agl.</strong></span> <span class='ocrx_word' id='word_1_294' title='bbox 2307 3606 2367 3664; x_wconf 88' lang='lat' dir='ltr'><strong>p.</strong></span> <span class='ocrx_word' id='word_1_295' title='bbox 2388 3588 2521 3645; x_wconf 88' lang='grc'><strong>341.</strong></span> <span class='ocrx_word' id='word_1_296' title='bbox 2575 3587 2738 3646; x_wconf 80' lang='lat' dir='ltr'><strong>Enn-</strong></span> 
     </span>
     <span class='ocr_line' id='line_1_32' title="bbox 624 3660 2742 3751; baseline 0.001 -31"><span class='ocrx_word' id='word_1_297' title='bbox 624 3664 759 3723; x_wconf 84' lang='lat' dir='ltr'><strong>dem</strong></span> <span class='ocrx_word' id='word_1_298' title='bbox 797 3682 956 3732; x_wconf 87' lang='lat' dir='ltr'><strong>esse,</strong></span> <span class='ocrx_word' id='word_1_299' title='bbox 999 3664 1096 3741; x_wconf 89' lang='lat' dir='ltr'><strong>qui</strong></span> <span class='ocrx_word' id='word_1_300' title='bbox 1137 3661 1212 3719; x_wconf 89' lang='lat' dir='ltr'><strong>de</strong></span> <span class='ocrx_word' id='word_1_301' title='bbox 1253 3660 1477 3751; x_wconf 85' lang='lat' dir='ltr'><strong>Orphei</strong></span> <span class='ocrx_word' id='word_1_302' title='bbox 1518 3662 1861 3718; x_wconf 85' lang='lat' dir='ltr'><strong>carminibus</strong></span> <span class='ocrx_word' id='word_1_303' title='bbox 1901 3662 2132 3739; x_wconf 79' lang='lat' dir='ltr'><strong>scripsit</strong></span> <span class='ocrx_word' id='word_1_304' title='bbox 2172 3662 2196 3738; x_wconf 97' lang='lat'>(</span> <span class='ocrx_word' id='word_1_305' title='bbox 2212 3662 2399 3721; x_wconf 83' lang='lat' dir='ltr'><strong>Clem.</strong></span> <span class='ocrx_word' id='word_1_306' title='bbox 2438 3665 2528 3721; x_wconf 81' lang='lat' dir='ltr'><strong>Al.</strong></span> <span class='ocrx_word' id='word_1_307' title='bbox 2569 3673 2671 3722; x_wconf 85' lang='lat' dir='ltr'><strong>str.</strong></span> <span class='ocrx_word' id='word_1_308' title='bbox 2711 3666 2742 3723; x_wconf 93' lang='lat'>1</span> 
     </span>
     <span class='ocr_line' id='line_1_33' title="bbox 621 3733 2738 3820; baseline 0.001 -22"><span class='ocrx_word' id='word_1_309' title='bbox 621 3761 684 3820; x_wconf 89' lang='lat' dir='ltr'><strong>p.</strong></span> <span class='ocrx_word' id='word_1_310' title='bbox 711 3737 873 3810; x_wconf 86' lang='grc'><strong>397),</strong></span> <span class='ocrx_word' id='word_1_311' title='bbox 913 3749 973 3798; x_wconf 91' lang='lat' dir='ltr'><strong>et</strong></span> <span class='ocrx_word' id='word_1_312' title='bbox 1001 3757 1172 3817; x_wconf 89' lang='lat' dir='ltr'><strong>quem</strong></span> <span class='ocrx_word' id='word_1_313' title='bbox 1203 3736 1590 3795; x_wconf 83' lang='lat' dir='ltr'><strong>Calhmachus</strong></span> <span class='ocrx_word' id='word_1_314' title='bbox 1621 3734 1755 3796; x_wconf 80' lang='lat' dir='ltr'><strong>&#39;Ioni</strong></span> <span class='ocrx_word' id='word_1_315' title='bbox 1782 3738 1930 3796; x_wconf 84' lang='lat' dir='ltr'><strong>Chio</strong></span> <span class='ocrx_word' id='word_1_316' title='bbox 1967 3733 2309 3815; x_wconf 76' lang='grc' dir='ltr'><strong>’τριαγμούς</strong></span> <span class='ocrx_word' id='word_1_317' title='bbox 2355 3742 2738 3820; x_wconf 74' lang='lat' dir='ltr'><strong>supposuisse</strong></span> 
     </span>
     <span class='ocr_line' id='line_1_34' title="bbox 664 3805 2739 3909; baseline 0.001 -33"><span class='ocrx_word' id='word_1_318' title='bbox 664 3819 843 3876; x_wconf 80' lang='lat' dir='ltr'><strong>utavit</strong></span> <span class='ocrx_word' id='word_1_319' title='bbox 882 3817 1202 3909; x_wconf 79' lang='lat' dir='ltr'><strong>(Har-poor.</strong></span> <span class='ocrx_word' id='word_1_320' title='bbox 1244 3832 1292 3871; x_wconf 79' lang='lat' dir='ltr'><strong>s.</strong></span> <span class='ocrx_word' id='word_1_321' title='bbox 1334 3832 1386 3870; x_wconf 86' lang='lat' dir='ltr'><strong>v.</strong></span> <span class='ocrx_word' id='word_1_322' title='bbox 1414 3805 1625 3887; x_wconf 84' lang='grc' dir='ltr'><strong>Ἴων),</strong></span> <span class='ocrx_word' id='word_1_323' title='bbox 1679 3815 1980 3893; x_wconf 85' lang='lat' dir='ltr'><strong>probabile</strong></span> <span class='ocrx_word' id='word_1_324' title='bbox 2019 3825 2125 3873; x_wconf 90' lang='lat' dir='ltr'><strong>est.</strong></span> <span class='ocrx_word' id='word_1_325' title='bbox 2320 3820 2394 3876; x_wconf 89' lang='grc'><strong>13</strong></span> <span class='ocrx_word' id='word_1_326' title='bbox 2432 3817 2739 3894; x_wconf 60' lang='lat' dir='ltr'><strong>Emptos·</strong></span> 
     </span>
     <span class='ocr_line' id='line_1_35' title="bbox 620 3837 2733 3963; baseline 0 -10"><span class='ocrx_word' id='word_1_327' title='bbox 620 3837 870 3953; x_wconf 49' lang='lat' dir='ltr'><strong>gnidius</strong></span> <span class='ocrx_word' id='word_1_328' title='bbox 909 3893 1166 3952; x_wconf 76' lang='lat' dir='ltr'><strong>medicus</strong></span> <span class='ocrx_word' id='word_1_329' title='bbox 1206 3889 1477 3948; x_wconf 83' lang='lat' dir='ltr'><strong>laudatur</strong></span> <span class='ocrx_word' id='word_1_330' title='bbox 1518 3891 1682 3950; x_wconf 84' lang='lat' dir='ltr'><strong>Cael.</strong></span> <span class='ocrx_word' id='word_1_331' title='bbox 1721 3892 1915 3950; x_wconf 87' lang='lat' dir='ltr'><strong>Aurel.</strong></span> <span class='ocrx_word' id='word_1_332' title='bbox 1946 3902 2096 3950; x_wconf 79' lang='lat' dir='ltr'><strong>aeut.</strong></span> <span class='ocrx_word' id='word_1_333' title='bbox 2124 3894 2194 3962; x_wconf 89' lang='lat'><strong>11,</strong></span> <span class='ocrx_word' id='word_1_334' title='bbox 2223 3896 2317 3953; x_wconf 92' lang='grc'><strong>16.</strong></span> <span class='ocrx_word' id='word_1_335' title='bbox 2357 3892 2455 3963; x_wconf 90' lang='lat'>111,</span> <span class='ocrx_word' id='word_1_336' title='bbox 2478 3899 2569 3962; x_wconf 91' lang='grc'><strong>17,</strong></span> <span class='ocrx_word' id='word_1_337' title='bbox 2601 3895 2733 3954; x_wconf 83' lang='grc'><strong>144.</strong></span> 
     </span>
     <span class='ocr_line' id='line_1_36' title="bbox 620 3966 2736 4049; baseline 0.001 -20"><span class='ocrx_word' id='word_1_338' title='bbox 620 3972 740 4030; x_wconf 83' lang='lat' dir='ltr'><strong>chr.</strong></span> <span class='ocrx_word' id='word_1_339' title='bbox 781 3970 850 4040; x_wconf 87' lang='lat'><strong>11,</strong></span> <span class='ocrx_word' id='word_1_340' title='bbox 872 3975 965 4039; x_wconf 89' lang='lat'><strong>10,</strong></span> <span class='ocrx_word' id='word_1_341' title='bbox 986 3973 1116 4029; x_wconf 85' lang='lat'><strong>121.</strong></span> <span class='ocrx_word' id='word_1_342' title='bbox 1157 3966 1255 4036; x_wconf 88' lang='lat'>111,</span> <span class='ocrx_word' id='word_1_343' title='bbox 1278 3970 1370 4036; x_wconf 89' lang='grc'><strong>18,</strong></span> <span class='ocrx_word' id='word_1_344' title='bbox 1391 3971 1521 4037; x_wconf 87' lang='grc'><strong>139,</strong></span> <span class='ocrx_word' id='word_1_345' title='bbox 1563 3976 1621 4025; x_wconf 90' lang='lat' dir='ltr'><strong>et</strong></span> <span class='ocrx_word' id='word_1_346' title='bbox 1652 3968 1878 4026; x_wconf 82' lang='lat' dir='ltr'><strong>Galeno</strong></span> <span class='ocrx_word' id='word_1_347' title='bbox 1905 3968 1965 4026; x_wconf 94' lang='lat' dir='ltr'><strong>ll.</strong></span> <span class='ocrx_word' id='word_1_348' title='bbox 1994 3968 2055 4026; x_wconf 94' lang='lat' dir='ltr'><strong>ll.</strong></span> <span class='ocrx_word' id='word_1_349' title='bbox 2084 3987 2120 4027; x_wconf 88' lang='lat' dir='ltr'><strong>a</strong></span> <span class='ocrx_word' id='word_1_350' title='bbox 2146 3970 2494 4049; x_wconf 83' lang='lat' dir='ltr'><strong>Sprengelio</strong></span> <span class='ocrx_word' id='word_1_351' title='bbox 2519 3971 2736 4031; x_wconf 76' lang='lat' dir='ltr'><strong>Geseh.</strong></span> 
     </span>
     <span class='ocr_line' id='line_1_37' title="bbox 620 4044 2738 4126; baseline 0.001 -23"><span class='ocrx_word' id='word_1_352' title='bbox 620 4048 679 4105; x_wconf 89' lang='lat' dir='ltr'><strong>d.</strong></span> <span class='ocrx_word' id='word_1_353' title='bbox 719 4047 879 4105; x_wconf 85' lang='lat' dir='ltr'><strong>Med.</strong></span> <span class='ocrx_word' id='word_1_354' title='bbox 919 4047 945 4103; x_wconf 93' lang='lat'>1</span> <span class='ocrx_word' id='word_1_355' title='bbox 983 4066 1045 4126; x_wconf 90' lang='lat' dir='ltr'><strong>p.</strong></span> <span class='ocrx_word' id='word_1_356' title='bbox 1066 4045 1198 4105; x_wconf 86' lang='grc'><strong>344.</strong></span> <span class='ocrx_word' id='word_1_357' title='bbox 1242 4045 1343 4121; x_wconf 83' lang='lat' dir='ltr'><strong>qui</strong></span> <span class='ocrx_word' id='word_1_358' title='bbox 1381 4061 1511 4102; x_wconf 88' lang='lat' dir='ltr'><strong>eum</strong></span> <span class='ocrx_word' id='word_1_359' title='bbox 1553 4053 1686 4101; x_wconf 85' lang='lat' dir='ltr'><strong>ante</strong></span> <span class='ocrx_word' id='word_1_360' title='bbox 1726 4044 2140 4122; x_wconf 80' lang='lat' dir='ltr'><strong>Hippocratem</strong></span> <span class='ocrx_word' id='word_1_361' title='bbox 2177 4047 2385 4105; x_wconf 79' lang='lat' dir='ltr'><strong>vixisse</strong></span> <span class='ocrx_word' id='word_1_362' title='bbox 2424 4047 2618 4117; x_wconf 82' lang='lat' dir='ltr'><strong>tradit,</strong></span> <span class='ocrx_word' id='word_1_363' title='bbox 2657 4049 2738 4106; x_wconf 78' lang='lat' dir='ltr'><strong>ad</strong></span> 
     </span>
     <span class='ocr_line' id='line_1_38' title="bbox 618 4119 2790 4202; baseline 0 -21"><span class='ocrx_word' id='word_1_364' title='bbox 618 4124 799 4202; x_wconf 77' lang='lat' dir='ltr'><strong>Hipp.</strong></span> <span class='ocrx_word' id='word_1_365' title='bbox 828 4124 903 4181; x_wconf 88' lang='lat' dir='ltr'><strong>de</strong></span> <span class='ocrx_word' id='word_1_366' title='bbox 928 4125 1079 4180; x_wconf 81' lang='lat' dir='ltr'><strong>victu</strong></span> <span class='ocrx_word' id='word_1_367' title='bbox 1105 4121 1218 4180; x_wconf 85' lang='lat' dir='ltr'><strong>XV</strong></span> <span class='ocrx_word' id='word_1_368' title='bbox 1254 4141 1314 4198; x_wconf 88' lang='lat' dir='ltr'><strong>p.</strong></span> <span class='ocrx_word' id='word_1_369' title='bbox 1334 4121 1468 4179; x_wconf 80' lang='lat'><strong>455.</strong></span> <span class='ocrx_word' id='word_1_370' title='bbox 1511 4119 1584 4177; x_wconf 89' lang='lat' dir='ltr'><strong>cl.</strong></span> <span class='ocrx_word' id='word_1_371' title='bbox 1611 4120 1819 4177; x_wconf 82' lang='lat' dir='ltr'><strong>Soran.</strong></span> <span class='ocrx_word' id='word_1_372' title='bbox 1848 4122 1945 4178; x_wconf 80' lang='lat' dir='ltr'><strong>vit.</strong></span> <span class='ocrx_word' id='word_1_373' title='bbox 1974 4122 2091 4200; x_wconf 85' lang='lat' dir='ltr'><strong>Hip</strong></span> <span class='ocrx_word' id='word_1_374' title='bbox 2136 4141 2253 4180; x_wconf 90' lang='lat' dir='ltr'><strong>ocr.</strong></span> <span class='ocrx_word' id='word_1_375' title='bbox 2276 4126 2333 4181; x_wconf 92' lang='grc'><strong>2.</strong></span> <span class='ocrx_word' id='word_1_376' title='bbox 2375 4123 2453 4181; x_wconf 84' lang='lat' dir='ltr'><strong>cs.</strong></span> <span class='ocrx_word' id='word_1_377' title='bbox 2481 4124 2732 4182; x_wconf 77' lang='lat' dir='ltr'><strong>Meinek.</strong></span> <span class='ocrx_word' id='word_1_378' title='bbox 2779 4154 2790 4167; x_wconf 43' lang='grc' dir='ltr'><em>κ</em></span> 
     </span>
     <span class='ocr_line' id='line_1_39' title="bbox 615 4195 2526 4277; baseline 0.002 -21"><span class='ocrx_word' id='word_1_379' title='bbox 615 4200 717 4257; x_wconf 83' lang='lat' dir='ltr'><strong>srr.</strong></span> <span class='ocrx_word' id='word_1_380' title='bbox 760 4218 903 4256; x_wconf 88' lang='lat' dir='ltr'><strong>com.</strong></span> <span class='ocrx_word' id='word_1_381' title='bbox 942 4218 1029 4276; x_wconf 77' lang='lat' dir='ltr'><strong>gr.</strong></span> <span class='ocrx_word' id='word_1_382' title='bbox 1071 4198 1121 4255; x_wconf 89' lang='lat'><strong>11</strong></span> <span class='ocrx_word' id='word_1_383' title='bbox 1162 4218 1219 4275; x_wconf 92' lang='lat' dir='ltr'><strong>p.</strong></span> <span class='ocrx_word' id='word_1_384' title='bbox 1243 4201 1373 4255; x_wconf 86' lang='grc'><strong>680.</strong></span> <span class='ocrx_word' id='word_1_385' title='bbox 1430 4195 1703 4254; x_wconf 87' lang='lat' dir='ltr'><strong>Ceterum</strong></span> <span class='ocrx_word' id='word_1_386' title='bbox 1742 4198 1912 4255; x_wconf 80' lang='lat' dir='ltr'><strong>scrib.</strong></span> <span class='ocrx_word' id='word_1_387' title='bbox 1955 4207 2045 4255; x_wconf 88' lang='lat' dir='ltr'><strong>est</strong></span> <span class='ocrx_word' id='word_1_388' title='bbox 2137 4198 2526 4277; x_wconf 59' lang='lat' dir='ltr'><strong>nemptonum.</strong></span> 
     </span>
    </p>
   </div>
  </div>
 </body>
</html>
