3025 4925
586 403 684 440 x11
1341 382 1967 444 PROLEGOMENA.

585 548 779 622 fonte
834 551 1076 645 partim
1143 549 1387 623 eadem
1450 552 1695 645 partim
1763 549 2041 624 diversa
2078 552 2175 621 in
2246 572 2438 624 usum
2501 572 2701 624 suum

582 657 882 749 vert-isse
946 675 1282 772 putandus
1347 679 1451 749 sit.
1578 676 1840 749 Verum
1893 676 1980 749 de
2026 676 2155 749 hac
2179 700 2286 750 ϊ6
2340 679 2511 751 certi
2564 678 2699 749 ali-

585 802 743 896 quid
778 824 919 876 non
957 812 1183 899 potest
1214 801 1540 898 proferri,
1571 813 1929 900 antequam
1964 802 2321 876 difficillima
2359 804 2447 876 de
2485 803 2700 879 scho-

581 929 689 1004 liis
742 927 1134 1017 Germanici
1185 951 1561 1027 eorumque
1613 941 1895 1004 auctore
1961 934 2267 1027 quaestio
2319 933 2699 1004 accuratius

579 1066 990 1152 pertractata
1044 1056 1268 1129 fuerit.
1375 1057 1454 1129 Id
1507 1059 1777 1153 quidem
1827 1057 2006 1131 haud
2062 1057 2332 1130 dubium
2379 1080 2539 1132 esse
2577 1059 2700 1131 vi-

581 1184 805 1275 detur,
858 1185 1017 1281 quin
1055 1183 1314 1257 scholia
1357 1183 1470 1256 illa
1515 1208 1608 1258 ex
1649 1183 1936 1258 Graecis
1986 1184 2262 1259 scholiis
2303 1185 2503 1259 Arati
2546 1195 2699 1257 tra-

581 1312 779 1384 ducta
825 1314 997 1402 sint3
1050 1312 1175 1386 sed
1228 1334 1519 1407 quonam
1572 1322 1883 1407 tempore
1937 1312 2005 1384 id
2060 1312 2311 1385 factum
2349 1316 2459 1398 sit,
2514 1312 2582 1384 id
2626 1312 2698 1385 in

576 1438 707 1511 hac
758 1439 1169 1514 scholiorum
1223 1439 1538 1512 diuturno
1594 1438 1978 1512 scholarum
2014 1462 2142 1514 usu
2179 1442 2431 1513 misere
2467 1442 2698 1511 inter-

573 1566 956 1661 polatorum
1021 1566 1426 1641 condicione
1489 1565 1670 1637 haud
1738 1565 1942 1638 facile
2021 1568 2374 1640 diiudicari
2446 1574 2691 1661 potest.

573 1692 870 1766 Accedit
918 1694 1078 1766 huic
1128 1715 1415 1782 causae,
1483 1691 1572 1763 de
1627 1714 1757 1787 qua
1796 1695 2115 1787 agimus,
2178 1695 2308 1766 alia
2361 1692 2693 1786 quaedam

576 1818 955 1894 difficultas.
1058 1820 1232 1894 Nam
1286 1822 1352 1892 ei
1401 1818 1814 1893 scholiorum
1865 1824 2066 1916 parti,
2112 1824 2304 1894 cuius
2357 1842 2510 1893 cum
2549 1843 2692 1891 no-

573 1956 715 2021 stro
765 1951 1100 2043 scriptore
1155 1949 1569 2020 consensum
1621 1949 2032 2048 notavimus*⁹
2080 1949 2243 2021 nihil
2288 1948 2470 2043 quod
2509 1970 2691 2020 con-

570 2075 738 2148 ferri
792 2077 1006 2171 possit
1056 2068 1305 2168 legitur
1357 2076 1428 2146 in
1467 2073 1755 2152 Graecis
1798 2074 1997 2148 Arati
2050 2076 2350 2165 scholiis,
2406 2084 2476 2148 et
2513 2097 2688 2148 vero

570 2200 1008 2296 apographo,
1076 2201 1255 2295 quod
1307 2200 1393 2271 ad
1447 2200 1753 2273 codicem
1801 2202 2224 2274 Puteaneum
2276 2202 2689 2276 scholiorum

572 2327 962 2402 Germanici
1011 2327 1095 2401 N.
1151 2329 1416 2404 Heinsii
1466 2351 1670 2404 manu
1723 2327 1976 2402 factum
2028 2327 2439 2404 bibliotheca
2475 2333 2687 2424 ‚regia

567 2456 1038 2531 Berolinensis
1091 2466 1350 2546 servat,
1403 2453 1579 2529 haec
1631 2458 1858 2530 omnia
1912 2457 2176 2532 desunt.
2269 2457 2505 2554 Itaque
2544 2457 2684 2530 ho·-

566 2606 716 2654 rum
768 2585 964 2676 origo
1015 2585 1232 2675 magis
1288 2585 1489 2655 etiam
1539 2586 1802 2657 incerta
1858 2607 2017 2658 esse
2049 2586 2364 2659 videtur.

569 2710 764 2797 Quae
815 2717 1187 2802 sequuntur
1239 2708 1327 2780 de
1380 2714 1868 2803 geometria
1923 2716 2182 2809 capita,
2233 2736 2320 2784 ea
2376 2736 2469 2786 ex
2513 2712 2681 2783 Eu·-

567 2837 793 2911 clide
849 2834 1171 2909 translata
1224 2845 1422 2927 sunt,
1472 2839 1567 2908 ita
1621 2839 1928 2935 quidem,
1993 2850 2063 2912 ut
2113 2863 2270 2913 cum
2320 2839 2466 2911 aliis
2522 2841 2680 2933 qui-

524 2965 848 3040 =busdam
892 2961 1328 3036 versionibus
1383 2985 1524 3036 non
1565 2975 1966 3063 congruant,
2015 2976 2256 3064 neque
2286 2989 2381 3038 ex
2414 2969 2499 3040 iis
2544 2955 2679 3037 de·-

562 3093 812 3187 scripta
866 3110 1026 3165 esse
1077 3093 1359 3186 possint.

566 3222 758 3309 Quae
808 3229 948 3291 tum
1003 3218 1088 3290 de
1139 3219 1456 3290 musica
1522 3218 1900 3309 traduntur,
1956 3241 2040 3290 ea
2089 3222 2452 3292 maximam
2507 3245 2677 3316 par·—

561 3359 699 3421 tem
764 3370 859 3419 ex
923 3343 1409 3442 antiquioribus
1458 3343 1773 3419 fontibus
1835 3345 2072 3419 hausta
2142 3369 2300 3421 esse
2374 3360 2673 3446 apparet.

563 3473 818 3549 Probat
851 3475 986 3548 hoc
1024 3477 1155 3545 iam
1205 3482 1560 3569 poetarum
1600 3473 2017 3569 aliorumque
2054 3476 2456 3571 scriptorum
2494 3501 2678 3573 quo-

563 3603 848 3675 rundam
902 3601 1484 3690 commemoratio,
1540 3603 1649 3695 qui
1705 3603 1922 3674 minus
1967 3584 2109 3674 noti
2156 3601 2370 3678 fuisse
2414 3606 2673 3678 viden-

560 3742 706 3821 tur,
771 3752 967 3825 quam
1028 3749 1153 3823 pro
1223 3727 1449 3801 huius·
1481 3729 1831 3824 scriptoris
1904 3728 2232 3802 doctrina.
2340 3733 2513 3804 Tum
2563 3732 2676 3804 illa

562 3882 736 3955 quae
780 3857 866 3929 de
907 3852 1394 3949 Rhythmonio‚
1435 3853 1868 3950 Hymenaeo,
1900 3855 2381 3953 Periclymeno
2422 3869 2489 3930 et
2523 3856 2671 3930 Pe-

562 3980 825 4057 rimede
868 3983 967 4073 (c.
1001 3979 1140 4076 10)
1199 3992 1267 4055 et
1306 3991 1548 4081 postea
1580 3981 1667 4053 de
1697 3983 1997 4079 Hypate‚
2025 3986 2221 4059 Mese
2262 3994 2462 4080 atque
2493 3986 2672 4059 Nete

562 4111 776 4186 Musis
810 4108 1070 4206 [p.90‚
1103 4109 1218 4203 6),
1274 4110 1361 4183 de
1414 4109 1737 4206 Apolline
1774 4108 1882 4205 [p.
1913 4111 2036 4202 90,
2068 4110 2208 4206 15)
2263 4112 2349 4186 de
2402 4116 2553 4189 eius
2606 4124 2673 4185 et
