3025 4925
982 428 992 437 -
1067 392 1686 455 PROLEGOMENA.
2353 410 2427 448 lx

315 583 477 637 suas
526 560 888 635 derivasse
911 558 1024 655 *].
1107 558 1275 632 Illud
1330 581 1600 655 quoque
1650 555 2046 655 quibusdam
2079 556 2255 631 locis
2306 556 2427 629 fa-

317 687 449 762 cile
499 687 803 783 intellegi
852 696 1102 785 petest,
1155 685 1609 761 Censorinum
1648 707 1771 761 eos
1807 687 2207 783 scriptume,
2245 706 2428 780 quo-

315 839 467 889 rum
499 816 885 890 testimonia
925 814 1143 906 affert,
1186 836 1319 887 nec
1354 816 1574 912 ipsum
1616 809 1899 909 legisse,
1936 835 2161 909 neque
2189 834 2428 886 eorum

317 953 703 1017 accuratam
752 943 1056 1016 notitiam
1108 938 1469 1033 habuisse,
1539 942 1666 1036 sed
1716 941 1916 1014 alium
1980 941 2430 1037 antiquiorem

319 1065 762 1167 scriptorem,
826 1071 940 1165 qui
991 1087 1118 1141 eos
1171 1066 1610 1160 adhibuerat,
1677 1080 1983 1143 secutum
2037 1089 2221 1143 esse.
2328 1067 2432 1141 Ita

318 1197 498 1294 apud
549 1197 991 1271 Platonem
1053 1195 1194 1290 legi
1254 1195 1546 1269 affirmat
1595 1195 1857 1293 (p.24,
1889 1193 2073 1291 15),
2136 1217 2311 1292 quae
2359 1198 2434 1270 in

321 1326 469 1399 eius
519 1323 708 1399 libris
757 1346 898 1397 non
948 1324 1295 1418 leguntur,
1349 1319 1821 1421 Hipponem
1873 1321 2228 1398 confundit
2278 1345 2432 1397 cum

319 1451 695 1548 Hippaso
751 1452 859 1548 [p.
887 1453 1011 1542 13,
1038 1450 1165 1543 9),
1232 1461 1304 1522 ut
1356 1461 1724 1546 appareat,
1777 1451 2432 1542 Aristoxenum,

322 1580 512 1652 cuius
575 1580 976 1652 auctoritate
1037 1577 1132 1650 ihi
1183 1579 1425 1668 utitur,
1491 1575 1794 1674 abipso
1854 1580 2234 1674 inspectum
2293 1598 2433 1651 non

323 1727 522 1795 esse3
571 1704 663 1778 de
694 1705 1188 1779 Democrito
1241 1702 1461 1778 refert
1493 1695 1947 1803 discrepantia
1983 1706 2070 1778 ab
2102 1708 2213 1798 iis,
2257 1728 2434 1802 quae

323 1832 436 1905 alii
498 1831 870 1929 scriptores
920 1829 1193 1904 tradunt
1241 1830 1518 1928 (p.14,
1554 1830 1669 1904 13.
1716 1833 1838 1925 16,
1867 1831 1995 1928 1),
2058 1832 2175 1905 uhi
2226 1832 2434 1905 dubi·-

323 1959 510 2032 tandi
563 1967 754 2031 certe
803 1957 997 2031 locus
1035 1967 1164 2048 est,
1211 1979 1250 2029 a
1287 1979 1580 2052 quonam
1627 1955 1826 2033 error
1878 1962 2277 2034 commissus
2324 1962 2435 2050 sit,

327 2099 417 2162 et·
459 2108 651 2182 quae„
713 2084 801 2157 de
881 2083 1385 2180 Aphrodisii
1451 2084 1572 2181 (p.
1615 2085 1882 2180 57,5‘)
1967 2099 2035 2160 et
2111 2087 2438 2160 Timaei

327 2214 436 2311 [p.
477 2213 613 2304 63,
641 2214 730 2305 5)
793 2211 1197 2286 testimoniis
1264 2213 1518 2288 monita
1579 2223 1778 2306 sunt,
1842 2216 2300 2311 suspicionem
2350 2213 2438 2287 de

330 2339 696 2416 Censorini
770 2361 1015 2412 errore
1090 2348 1205 2438 aut
1265 2333 1706 2433 neglegentia
1775 2352 2078 2415 movent.
2195 2343 2438 2415 Mirum

328 2466 405 2543 id'
450 2490 720 2565 quoque
772 2476 919 2556 est,
984 2459 1276 2538 Linum
1328 2462 1986 2564 (p.55,16]-post
2037 2460 2440 2543 Heracli-—

331 2609 494 2670 tum
552 2590 1113 2682 commemorari3
1177 2615 1333 2666 nam
1397 2592 1562 2665 illud
1627 2594 1898 2689 quidem
1947 2598 2146 2670 nimis
2199 2597 2444 2672 subtile

332 2725 641 2815 videtur,
707 2720 837 2793 hac
880 2722 1148 2794 ratione
1211 2719 1534 2810 indicari,
1600 2717 1749 2792 Lini
1812 2744 1985 2816 quae
2051 2723 2448 2799 ferebantur

334 2853 634 2925 carmina
684 2856 840 2945 post
877 2846 1206 2920 Heracliti
1254 2856 1566 2942 tempora
1619 2868 1778 2922 esse
1832 2853 2225 2946 composita.
2289 2853 2447 2926 Ne..

254 3045 262 3054 .
337 3000 471 3074 que
536 2975 923 3071 scripsisset
984 2972 1300 3069 profecto
1354 2974 1460 3068 (p.
1494 2971 1617 3064 18,
1648 2972 1821 3067 123:
1889 2998 2237 3072 „quorum
2288 3003 2452 3053 om-

335 3110 520 3183 nium
574 3122 953 3178 consensus
1000 3099 1612 3197 Euryphonem
1665 3098 2054 3173 Gnidium
2115 3125 2258 3179 non
2312 3107 2448 3180 de-

340 3241 556 3307 terret
602 3228 674 3304 id
723 3232 942 3327 ipsum
988 3227 1331 3325 intrepide
1380 3237 1749 3321 negantem
1764 3229 1832 3319 ,''
1897 3232 1955 3303 si
2007 3234 2450 3326 meminisset,

341 3358 860 3457 Euryphontem
883 3355 1022 3450 aa)
1053 3357 1499 3451 antiquiorem
1531 3353 1770 3446 fuisse,
1801 3378 1999 3450 quam
2027 3382 2268 3434 omnes
2299 3361 2453 3436 fere

344 3497 688 3576 auctores,
742 3504 914 3580 quos
955 3484 1449 3558 nominaverat.
1512 3484 1745 3578 Atque
1788 3484 1899 3583 hic
1935 3488 2203 3582 quidem
2237 3513 2454 3585 aper-

346 3624 486 3686 tum
538 3621 667 3702 est,
721 3588 1171 3684 Censorinum
1216 3610 1513 3683 maxime
1567 3611 1786 3686 studio
1836 3613 2228 3709 indulsisse,
2279 3619 2461 3713 quod

426 3811 479 3888 ¹'‘)
522 3812 618 3870 Cf.
660 3811 916 3870 adnotat.
946 3832 1005 3890 p.
1027 3815 1080 3880 6,
1104 3816 1195 3870 10.
1224 3816 1279 3881 9,
1297 3811 1353 3870 4.
1384 3812 1475 3880 14,
1495 3817 1551 3869 2.
1580 3816 1673 3883 55,
1693 3818 1786 3873 16.
1814 3818 1907 3884 69,
1925 3820 1981 3875 7.
2010 3821 2104 3887 70,
2124 3823 2177 3888 1,
2200 3823 2292 3877 18.
2335 3820 2458 3878 Ne-

505 3909 617 3968 que
661 3889 888 3958 dubito,
941 3890 1079 3965 quin
1133 3889 1249 3946 alia
1301 3889 1542 3946 inveniri
1596 3893 1821 3968 possint
1869 3912 1942 3950 ex
1980 3895 2242 3953 Varrone
2281 3897 2461 3974 petita

502 3976 736 4047 praeter
770 3985 861 4036 ea,
899 3984 1048 4043 quae
1089 3985 1125 4023 a
1161 3985 1253 4024 me
1292 3963 1545 4022 indicata
1582 3975 1731 4026 sunt.

430 4084 508 4157 **)
549 4087 703 4223 Ε1ἰιίε5
728 4088 1079 4220 ἔιξηῑίοηθιῐι
1130 4086 1270 4144 facit
1319 4103 1391 4142 ex
1432 4084 1685 4143 Stobaeo
1726 4085 1962 4145 Photius
2005 4088 2139 4147 bibl.
2182 4093 2308 4151 cod.
2352 4095 2464 4152 167

504 4186 563 4242 p.
825 4205 839 4221 .
