3025 4925
957 403 1426 463 FRAGMENTI
1463 404 1633 464 CAP.
1654 411 1711 464 3.
2307 413 2381 467 81

276 565 480 633 latere
525 586 564 631 a
606 566 826 656 quinto
869 566 1060 653 signo
1103 563 1501 655 deprehensa
1555 566 2118 657 postmeridianam
2167 568 2390 634 statin-

276 704 432 751 nem
475 680 655 762 facit,
709 678 916 747 donec
971 681 1267 771 ingresso
1323 677 1466 746 sole
1522 679 1694 747 idem
1735 681 1990 771 signum
2033 680 2153 749 sub
2196 682 2389 750 radiis

278 797 419 865 eius
466 792 802 861 delitescat
847 802 912 860 et
951 794 1017 859 in
1061 803 1269 861 totum
1314 793 1584 863 occidat.

450 909 787 999 Aspiciunt
824 909 990 974 inter
1032 931 1104 974 se
1148 906 1372 976 stellae
1418 933 1502 978 ex
1547 911 1765 1000 quinto
1809 912 2026 1002 signo,
2078 911 2252 1003 quod
2297 911 2392 979 di·
2417 917 2456 971 8

225 1048 253 1087 ⁵
280 1026 447 1094 citur
489 1024 787 1114 trigonon
805 1074 821 1104 ‚
867 1031 933 1089 et
973 1020 1212 1089 habent
1250 1025 1602 1091 maximam
1645 1027 2153 1093 consensionem.
2240 1026 2397 1093 item

277 1163 319 1206 a
363 1148 626 1230 quarto,
655 1137 827 1228 quod
874 1138 1102 1206 dicitur
1143 1146 1527 1228 tetragonon
1573 1149 1640 1208 et
1683 1150 1950 1208 centron
1986 1148 2287 1221 vocatur,
2330 1148 2401 1207 et

273 1256 346 1322 in
375 1252 751 1321 alterutrum
785 1253 1140 1319 maximum
1181 1238 1512 1342 praestant
1548 1256 1866 1323 effectum.
1931 1255 2086 1320 item
2128 1276 2217 1322 ex
2241 1275 2398 1322 con-

277 1369 474 1438 trario
495 1419 513 1450 ,
583 1367 758 1459 quod
803 1376 902 1435 est
961 1366 1304 1456 septimum
1360 1368 1617 1458 signum
1672 1378 1739 1436 et
1792 1361 2401 1437 diametron‘voca-
2526 1442 2529 1449 ,

281 1496 391 1552 tur
433 1491 657 1574 estque
700 1481 981 1548 maxime
1027 1478 1388 1546 adversum.
1476 1481 1716 1550 Cetera
1777 1481 2089 1552 dissident
2141 1481 2249 1550 vel
2305 1482 2400 1550 le·

199 1621 260 1660 10
284 1601 453 1668 viter
495 1599 838 1689 aspiciunt,
882 1604 957 1663 ut
998 1594 1254 1660 tertium
1299 1596 1630 1687 quodque,
1687 1595 1861 1687 quod
1916 1596 2145 1664 dicitur
2200 1595 2403 1663 hexa-

284 1734 523 1806 gonon.

460 1828 662 1918 Signa
704 1828 950 1916 tropica
995 1825 1610 1913 peregrinationibus
1655 1836 1965 1917 praesunt
2017 1836 2082 1894 et
2141 1829 2403 1895 omnino
2431 1849 2469 1909 9

285 1941 660 2023 mobilibuS,
714 1950 780 2008 et
836 1941 902 2006 in
961 1939 1238 2006 consiliis
1301 1939 1571 2008 subinde
1617 1941 1869 2008 variant
1912 1950 2104 2031 atque
2146 1964 2409 2031 permu-

288 2067 446 2126 tant.
531 2055 825 2123 biformia
870 2055 1303 2144 geminatione
1360 2079 1579 2123 rerum
1632 2056 1919 2123 omnium
1960 2057 2407 2147 repetitionem

204 2198 261 2240 15
289 2170 649 2264 significant
704 2179 769 2238 et
818 2168 1073 2235 interim
1132 2167 1515 2238 dilationem.
1580 2252 1587 2257 ⁹
1624 2168 1829 2237 solida
1880 2167 2299 2238 vehementer
2343 2182 2410 2239 et

282 2291 595 2356 instanter
640 2283 920 2353 efficiunt
964 2296 1029 2353 et
1075 2289 1156 2357 ad
1201 2291 1446 2356 exitum
1488 2284 1598 2352 vel
1640 2306 1952 2376 prospera
1994 2282 2103 2350 vel
2134 2283 2408 2353 adversa

283 2402 679 2495 perducunt,
742 2402 909 2469 sicut
963 2402 1360 2494 aspiciuntur
1403 2425 1440 2469 a
1486 2399 1687 2469 stellis
1747 2398 1854 2467 vel
1897 2398 2257 2467 faventibus
2297 2400 2407 2469 vel

284 2516 808 2610 repugnantibus,

457 2630 732 2699 Multum
782 2639 999 2700 tamen
1054 2633 1277 2714 refert,
1332 2632 1514 2699 cuius
1573 2652 1869 2722 quaeque
1924 2628 2111 2700 stella
2152 2632 2405 2731 domu8‚

195 2768 266 2816 eo
295 2743 542 2812 alienae
586 2765 668 2809 an
710 2744 908 2833 ipsius
953 2747 1053 2814 sit.
1138 2746 1393 2815 Domus
1438 2743 1593 2811 solis
1638 2753 1736 2812 est
1771 2744 1897 2828 leo,
1927 2743 2119 2814 lunae
2157 2768 2408 2833 cancer,
2434 2757 2510 2811 10

288 2857 589 2927 Mercurii
634 2857 817 2947 virgo
863 2867 929 2925 et
969 2861 1226 2949 gemini,
1271 2858 1548 2927 Veneris
1590 2856 1749 2925 libra
1795 2868 1861 2926 et
1902 2867 2144 2940 tauruS,
2186 2859 2409 2928 Martis

286 2974 543 3064 scorpio
593 2982 659 3041 et
703 2971 901 3054 arieS,
953 2971 1122 3040 Iovis
1179 2972 1546 3062 sagittarius
1604 2982 1670 3039 et
1726 2973 1952 3063 piscis,
1995 2971 2257 3040 Saturni
2300 2997 2411 3042 ca-

286 3090 623 3180 pricornus
670 3097 735 3153 et
780 3086 1097 3177 aquarius,
1183 3085 1536 3155 Nocturnis
1594 3081 1940 3176 originibus
1995 3085 2215 3154 favent
2253 3085 2410 3156 luna

288 3297 326 3351 fi
367 3299 624 3350 centrum
776 3295 815 3350 8
855 3300 1078 3349 sexeum
1260 3295 1337 3347 10
1375 3288 1480 3346 ads
1526 3288 1787 3345 iciuntnr.
1829 3291 2090 3347 Tertium
2131 3291 2405 3369 quodque

290 3369 404 3426 dic.
562 3371 635 3427 15
677 3367 951 3425 dilatione
992 3366 1180 3424 solida
1353 3371 1426 3425 19
1509 3384 1671 3424 omns
1713 3365 1804 3434 sit,
1845 3366 1922 3425 al.
1964 3385 2040 3423 an
2078 3367 2260 3448 ipsius
2351 3427 2355 3431 ,

286 3558 575 3621 acronium
610 3578 666 3635 g,
702 3577 823 3620 vec.
864 3558 1150 3618 ολνοηίοοο
1190 3578 1239 3616 s.
1279 3556 1630 3629 aon-ombus
1668 3575 1779 3618 em.
1820 3556 2151 3618 Salmasius
2176 3578 2401 3620 exerce.

286 3637 437 3696 Plin.
465 3640 675 3715 p.720,
717 3636 814 3711 qui
852 3636 935 3692 ita
971 3636 1160 3694 locum
1199 3635 1467 3696 constitui
1503 3636 1691 3694 iubet:
1744 3652 1888 3710 quae
1923 3641 2104 3698 conv.
2144 3643 2232 3694 ut
2265 3637 2400 3707 ooli,

286 3732 353 3772 eo
392 3716 450 3772 in
487 3730 647 3771 mare
682 3710 954 3770 occidente
988 3714 1173 3776 orium
1205 3714 1396 3787 prima
1430 3716 1588 3768 nocte
1622 3716 1676 3767 et
1713 3728 1832 3770 voc.
1873 3728 1999 3770 ner.
2172 3716 2214 3772 3
2252 3711 2399 3772 doli-

290 3798 468 3860 teum
501 3796 555 3846 et
592 3790 805 3856 Dran„
842 3787 1165 3856 delitescens
1204 3807 1252 3848 s.
1396 3788 1432 3846 5
1473 3804 1628 3846 cons.
1668 3779 2035 3857 συμπάθεια
2072 3806 2108 3845 a
2154 3787 2233 3844 ud
2274 3790 2398 3852 Ge·-

287 3867 424 3928 min.
465 3866 540 3930 el.
578 3875 716 3924 astr.
754 3886 813 3942 p.
836 3868 871 3948 5
893 3883 980 3940 sq.
1171 3867 1212 3921 6
1252 3864 1502 3924 cffltroni
1536 3862 1677 3930 Rm,
1727 3866 1964 3924 tentem
1997 3882 2054 3957 g.
2164 3882 2269 3922 aec
2307 3867 2401 3926 vix

287 3962 448 4006 sana.
643 3945 680 4001 8
717 3948 1003 4019 semmam
1039 3940 1124 4008 D,
1160 3943 1452 4017 emtimnm
1489 3939 1672 4072 Εἶρα.
1720 3946 1946 4000 textum
1984 3940 2205 4002 barrio.

287 4029 325 4079 9
363 4018 637 4080 assandam
670 4019 745 4076 D.
884 4023 958 4075 10
996 4035 1209 4093 quoque
1435 4032 1543 4090 quo
1623 4033 1734 4074 om.
1774 4016 1846 4072 R.
1982 4019 2055 4080 13
2092 4016 2401 4078 mnitibus

286 4097 417 4156 DR.
583 4099 655 4156 15
695 4095 960 4156 dilatione
995 4094 1162 4170 DRg,
1197 4092 1255 4152 εἶ’
1345 4095 1529 4154 ionem
1566 4111 1593 4147 s
1637 4090 1946 4150 Cauchius.
2111 4095 2188 4152 20
2226 4096 2397 4154 Doni.

291 4174 386 4230 Cf.
427 4174 655 4230 Firmic.
697 4171 873 4230 math.
914 4170 983 4239 11,
1011 4175 1066 4232 2.
1222 4177 1308 4228 est
1345 4189 1455 4236 om.
1497 4168 1623 4226 DR.
1779 4171 1855 4228 22
1870 4169 2035 4308 gomi
2065 4166 2119 4228 D
2141 4187 2254 4228 ras.
