<?xml version="1.0" encoding="UTF-8"?>
<!DOCTYPE html PUBLIC "-//W3C//DTD XHTML 1.0 Transitional//EN"
    "http://www.w3.org/TR/xhtml1/DTD/xhtml1-transitional.dtd">
<html xmlns="http://www.w3.org/1999/xhtml" xml:lang="en" lang="en">
 <head>
  <title>
</title>
<meta http-equiv="Content-Type" content="text/html;charset=utf-8" />
  <meta name='ocr-system' content='tesseract 3.04.00' />
  <meta name='ocr-capabilities' content='ocr_page ocr_carea ocr_par ocr_line ocrx_word'/>
</head>
<body>
  <div class='ocr_page' id='page_1' title='image "./censorinidedien00jahngoog_0054.png"; bbox 0 0 3025 4925; ppageno 0'>
   <div class='ocr_carea' id='block_1_1' title="bbox 520 359 2139 470">
    <p class='ocr_par' dir='ltr' id='par_1_1' title="bbox 520 359 2139 470">
     <span class='ocr_line' id='line_1_1' title="bbox 520 359 2139 470; baseline 0.006 -17"><span class='ocrx_word' id='word_1_1' title='bbox 520 359 533 364; x_wconf 67' lang='grc'><strong>’</strong></span> <span class='ocrx_word' id='word_1_2' title='bbox 608 399 692 470; x_wconf 69' lang='grc'><strong>,26</strong></span> <span class='ocrx_word' id='word_1_3' title='bbox 1209 397 1314 455; x_wconf 84' lang='lat' dir='ltr'><strong>DE</strong></span> <span class='ocrx_word' id='word_1_4' title='bbox 1353 398 1485 456; x_wconf 64' lang='lat' dir='ltr'><strong>mr:</strong></span> <span class='ocrx_word' id='word_1_5' title='bbox 1527 399 1820 459; x_wconf 70' lang='lat' dir='ltr'><strong>NA&#39;rAu</strong></span> <span class='ocrx_word' id='word_1_6' title='bbox 1858 400 2023 462; x_wconf 69' lang='lat' dir='ltr'><strong>cAr.</strong></span> <span class='ocrx_word' id='word_1_7' title='bbox 2046 408 2139 461; x_wconf 78' lang='grc' dir='ltr'><strong>ιο.</strong></span> 
     </span>
    </p>
   </div>
   <div class='ocr_carea' id='block_1_2' title="bbox 498 557 2830 3535">
    <p class='ocr_par' dir='ltr' id='par_1_2' title="bbox 555 557 2830 1570">
     <span class='ocr_line' id='line_1_2' title="bbox 613 557 2729 635; baseline 0.006 -13"><span class='ocrx_word' id='word_1_8' title='bbox 613 575 842 622; x_wconf 83' lang='lat' dir='ltr'><strong>narum</strong></span> <span class='ocrx_word' id='word_1_9' title='bbox 882 557 1051 625; x_wconf 80' lang='lat' dir='ltr'><strong>facta</strong></span> <span class='ocrx_word' id='word_1_10' title='bbox 1105 557 1466 628; x_wconf 83' lang='lat' dir='ltr'><strong>conlatione</strong></span> <span class='ocrx_word' id='word_1_11' title='bbox 1516 562 1801 629; x_wconf 86' lang='lat' dir='ltr'><strong>omnium</strong></span> <span class='ocrx_word' id='word_1_12' title='bbox 1850 564 2244 631; x_wconf 76' lang='lat' dir='ltr'><strong>musicorum</strong></span> <span class='ocrx_word' id='word_1_13' title='bbox 2302 561 2559 634; x_wconf 81' lang='lat' dir='ltr'><strong>auribus</strong></span> <span class='ocrx_word' id='word_1_14' title='bbox 2610 567 2729 635; x_wconf 82' lang='lat' dir='ltr'><strong>ad-</strong></span> 
     </span>
     <span class='ocr_line' id='line_1_3' title="bbox 608 670 2727 762; baseline 0.006 -24"><span class='ocrx_word' id='word_1_15' title='bbox 608 670 904 762; x_wconf 80' lang='lat' dir='ltr'><strong>probavit</strong></span> <span class='ocrx_word' id='word_1_16' title='bbox 958 674 1231 762; x_wconf 85' lang='lat' dir='ltr'><strong>primam</strong></span> <span class='ocrx_word' id='word_1_17' title='bbox 1288 682 1354 741; x_wconf 83' lang='lat' dir='ltr'><strong>et</strong></span> <span class='ocrx_word' id='word_1_18' title='bbox 1403 675 1756 743; x_wconf 83' lang='lat' dir='ltr'><strong>secundam</strong></span> <span class='ocrx_word' id='word_1_19' title='bbox 1808 676 2078 744; x_wconf 83' lang='lat' dir='ltr'>reddere</span> <span class='ocrx_word' id='word_1_20' title='bbox 2113 701 2281 746; x_wconf 70' lang='lat' dir='ltr'><strong>eam</strong></span> <span class='ocrx_word' id='word_1_21' title='bbox 2333 683 2727 750; x_wconf 73' lang='lat' dir='ltr'><strong>convenien-</strong></span> 
     </span>
     <span class='ocr_line' id='line_1_4' title="bbox 611 773 2728 886; baseline 0.005 -33"><span class='ocrx_word' id='word_1_22' title='bbox 611 786 764 854; x_wconf 84' lang='lat' dir='ltr'><strong>tiam</strong></span> <span class='ocrx_word' id='word_1_23' title='bbox 808 773 1003 878; x_wconf 77' lang='lat' dir='ltr'><strong>quam</strong></span> <span class='ocrx_word' id='word_1_24' title='bbox 1043 787 1253 855; x_wconf 81' lang='lat' dir='ltr'><strong>reddit</strong></span> <span class='ocrx_word' id='word_1_25' title='bbox 1293 785 1409 858; x_wconf 78' lang='grc' dir='ltr'><strong>διὰ</strong></span> <span class='ocrx_word' id='word_1_26' title='bbox 1448 786 1794 878; x_wconf 73' lang='grc' dir='ltr'><strong>τεσσάρων</strong></span> <span class='ocrx_word' id='word_1_27' title='bbox 1836 789 2253 882; x_wconf 78' lang='lat' dir='ltr'><strong>symphonia,</strong></span> <span class='ocrx_word' id='word_1_28' title='bbox 2307 794 2525 886; x_wconf 77' lang='lat' dir='ltr'><strong>ibique</strong></span> <span class='ocrx_word' id='word_1_29' title='bbox 2577 818 2728 864; x_wconf 82' lang='lat' dir='ltr'><strong>esse</strong></span> 
     </span>
     <span class='ocr_line' id='line_1_5' title="bbox 605 901 2726 995; baseline 0.004 -26"><span class='ocrx_word' id='word_1_30' title='bbox 605 901 1089 990; x_wconf 79' lang='lat' dir='ltr'><strong>proportionem</strong></span> <span class='ocrx_word' id='word_1_31' title='bbox 1126 906 1610 992; x_wconf 84' lang='lat' dir='ltr'><strong>supertertiam3</strong></span> <span class='ocrx_word' id='word_1_32' title='bbox 1649 907 1821 973; x_wconf 84' lang='lat' dir='ltr'><strong>inter</strong></span> <span class='ocrx_word' id='word_1_33' title='bbox 1865 907 2136 995; x_wconf 86' lang='lat' dir='ltr'><strong>primam</strong></span> <span class='ocrx_word' id='word_1_34' title='bbox 2171 930 2328 975; x_wconf 88' lang='lat' dir='ltr'><strong>vero</strong></span> <span class='ocrx_word' id='word_1_35' title='bbox 2363 931 2440 976; x_wconf 87' lang='lat' dir='ltr'><strong>ac</strong></span> <span class='ocrx_word' id='word_1_36' title='bbox 2466 911 2726 977; x_wconf 76' lang='lat' dir='ltr'><strong>tertiam</strong></span> 
     </span>
     <span class='ocr_line' id='line_1_6' title="bbox 555 1014 2722 1111; baseline 0.005 -32"><span class='ocrx_word' id='word_1_37' title='bbox 555 1037 581 1077; x_wconf 79' lang='lat'>⁵</span> <span class='ocrx_word' id='word_1_38' title='bbox 609 1014 855 1098; x_wconf 79' lang='lat' dir='ltr'><strong>tibiam,</strong></span> <span class='ocrx_word' id='word_1_39' title='bbox 908 1016 1018 1084; x_wconf 91' lang='lat' dir='ltr'><strong>ubi</strong></span> <span class='ocrx_word' id='word_1_40' title='bbox 1071 1018 1370 1110; x_wconf 80' lang='lat' dir='ltr'><strong>sescupla</strong></span> <span class='ocrx_word' id='word_1_41' title='bbox 1424 1021 1756 1111; x_wconf 72' lang='lat' dir='ltr'><strong>proportio</strong></span> <span class='ocrx_word' id='word_1_42' title='bbox 1810 1031 1947 1105; x_wconf 89' lang='lat' dir='ltr'><strong>est,</strong></span> <span class='ocrx_word' id='word_1_43' title='bbox 1990 1045 2296 1092; x_wconf 81' lang='lat' dir='ltr'><strong>resonare</strong></span> <span class='ocrx_word' id='word_1_44' title='bbox 2337 1022 2453 1089; x_wconf 74' lang='grc' dir='ltr'><strong>διὰ</strong></span> <span class='ocrx_word' id='word_1_45' title='bbox 2497 1024 2722 1108; x_wconf 67' lang='grc' dir='ltr'><strong>πένης</strong></span> 
     </span>
     <span class='ocr_line' id='line_1_7' title="bbox 602 1129 2720 1230; baseline 0.006 -36"><span class='ocrx_word' id='word_1_46' title='bbox 602 1129 849 1219; x_wconf 86' lang='lat' dir='ltr'>primae</span> <span class='ocrx_word' id='word_1_47' title='bbox 882 1142 1097 1199; x_wconf 86' lang='lat' dir='ltr'><strong>autem</strong></span> <span class='ocrx_word' id='word_1_48' title='bbox 1135 1144 1529 1225; x_wconf 77' lang='lat' dir='ltr'>quartaeque</span> <span class='ocrx_word' id='word_1_49' title='bbox 1559 1134 1992 1218; x_wconf 82' lang='lat' dir='ltr'><strong>intervallum,</strong></span> <span class='ocrx_word' id='word_1_50' title='bbox 2028 1137 2203 1227; x_wconf 88' lang='lat' dir='ltr'><strong>quod</strong></span> <span class='ocrx_word' id='word_1_51' title='bbox 2232 1137 2427 1211; x_wconf 72' lang='lat' dir='ltr'><strong>habet</strong></span> <span class='ocrx_word' id='word_1_52' title='bbox 2455 1139 2720 1230; x_wconf 74' lang='lat' dir='ltr'><strong>duplam</strong></span> 
     </span>
     <span class='ocr_line' id='line_1_8' title="bbox 602 1242 2830 1335; baseline 0.005 -23"><span class='ocrx_word' id='word_1_53' title='bbox 602 1245 1126 1335; x_wconf 78' lang='lat' dir='ltr'><strong>proportionem,</strong></span> <span class='ocrx_word' id='word_1_54' title='bbox 1182 1242 1522 1334; x_wconf 68' lang='grc' dir='ltr'><strong>διάστημα</strong></span> <span class='ocrx_word' id='word_1_55' title='bbox 1585 1251 1799 1318; x_wconf 87' lang='lat' dir='ltr'><strong>faeere</strong></span> <span class='ocrx_word' id='word_1_56' title='bbox 1853 1248 1969 1315; x_wconf 61' lang='lat' dir='ltr'><strong>aa&amp;</strong></span> <span class='ocrx_word' id='word_1_57' title='bbox 2023 1250 2275 1318; x_wconf 69' lang='grc' dir='ltr'><strong><em>πασῶν.</em></strong></span> <span class='ocrx_word' id='word_1_58' title='bbox 2375 1253 2512 1321; x_wconf 85' lang='lat' dir='ltr'><strong>Sed</strong></span> <span class='ocrx_word' id='word_1_59' title='bbox 2550 1255 2722 1322; x_wconf 82' lang='lat' dir='ltr'><strong>inter</strong></span> <span class='ocrx_word' id='word_1_60' title='bbox 2745 1269 2830 1324; x_wconf 81' lang='lat'><strong>12</strong></span> 
     </span>
     <span class='ocr_line' id='line_1_9' title="bbox 602 1361 2757 1458; baseline 0.003 -29"><span class='ocrx_word' id='word_1_61' title='bbox 602 1362 899 1430; x_wconf 85' lang='lat' dir='ltr'><strong>tibiarum</strong></span> <span class='ocrx_word' id='word_1_62' title='bbox 943 1361 1458 1456; x_wconf 82' lang='lat' dir='ltr'>chordarumque</span> <span class='ocrx_word' id='word_1_63' title='bbox 1490 1374 1788 1432; x_wconf 83' lang='lat' dir='ltr'><strong>naturam</strong></span> <span class='ocrx_word' id='word_1_64' title='bbox 1828 1364 1958 1433; x_wconf 83' lang='lat' dir='ltr'><strong>hoc</strong></span> <span class='ocrx_word' id='word_1_65' title='bbox 1996 1367 2282 1448; x_wconf 83' lang='lat' dir='ltr'><strong>interest,</strong></span> <span class='ocrx_word' id='word_1_66' title='bbox 2325 1367 2499 1458; x_wconf 78' lang='lat' dir='ltr'><strong>quod</strong></span> <span class='ocrx_word' id='word_1_67' title='bbox 2523 1367 2723 1436; x_wconf 76' lang='lat' dir='ltr'><strong>tibiae</strong></span> <span class='ocrx_word' id='word_1_68' title='bbox 2751 1383 2757 1394; x_wconf 70' lang='lat'><strong><em>⁴</em></strong></span> 
     </span>
     <span class='ocr_line' id='line_1_10' title="bbox 596 1478 2716 1570; baseline 0.003 -26"><span class='ocrx_word' id='word_1_69' title='bbox 596 1479 994 1547; x_wconf 83' lang='lat' dir='ltr'><strong>incremento</strong></span> <span class='ocrx_word' id='word_1_70' title='bbox 1048 1478 1467 1570; x_wconf 75' lang='lat' dir='ltr'><strong>longitudinis</strong></span> <span class='ocrx_word' id='word_1_71' title='bbox 1518 1478 1677 1546; x_wconf 83' lang='lat' dir='ltr'><strong>fiunt</strong></span> <span class='ocrx_word' id='word_1_72' title='bbox 1727 1481 2092 1569; x_wconf 79' lang='lat' dir='ltr'><strong>graviores,</strong></span> <span class='ocrx_word' id='word_1_73' title='bbox 2154 1480 2442 1549; x_wconf 71' lang='lat' dir='ltr'><strong>diordae</strong></span> <span class='ocrx_word' id='word_1_74' title='bbox 2495 1492 2716 1551; x_wconf 84' lang='lat' dir='ltr'><strong>autem</strong></span> 
     </span>
    </p>

    <p class='ocr_par' dir='ltr' id='par_1_3' title="bbox 521 1594 2714 1799">
     <span class='ocr_line' id='line_1_11' title="bbox 521 1594 2714 1686; baseline 0.004 -27"><span class='ocrx_word' id='word_1_75' title='bbox 521 1608 576 1648; x_wconf 82' lang='lat'><strong>1⁰</strong></span> <span class='ocrx_word' id='word_1_76' title='bbox 601 1604 953 1683; x_wconf 83' lang='lat' dir='ltr'><strong>augmento</strong></span> <span class='ocrx_word' id='word_1_77' title='bbox 965 1595 1161 1662; x_wconf 87' lang='lat' dir='ltr'><strong>additi</strong></span> <span class='ocrx_word' id='word_1_78' title='bbox 1180 1595 1480 1686; x_wconf 81' lang='lat' dir='ltr'><strong>ponderis</strong></span> <span class='ocrx_word' id='word_1_79' title='bbox 1506 1596 1855 1662; x_wconf 80' lang='lat' dir='ltr'><strong>acutiores:</strong></span> <span class='ocrx_word' id='word_1_80' title='bbox 1879 1594 2220 1686; x_wconf 80' lang='lat' dir='ltr'><strong>utrobique</strong></span> <span class='ocrx_word' id='word_1_81' title='bbox 2245 1605 2460 1664; x_wconf 83' lang='lat' dir='ltr'><strong>tamen</strong></span> <span class='ocrx_word' id='word_1_82' title='bbox 2482 1597 2714 1666; x_wconf 71' lang='lat' dir='ltr'><strong>eadem</strong></span> 
     </span>
     <span class='ocr_line' id='line_1_12' title="bbox 590 1711 1084 1799; baseline 0.006 -25"><span class='ocrx_word' id='word_1_83' title='bbox 590 1711 921 1799; x_wconf 81' lang='lat' dir='ltr'><strong>proportio</strong></span> <span class='ocrx_word' id='word_1_84' title='bbox 967 1718 1084 1777; x_wconf 85' lang='lat' dir='ltr'><strong>est.</strong></span> 
     </span>
    </p>

    <p class='ocr_par' dir='ltr' id='par_1_4' title="bbox 585 1822 2770 2145">
     <span class='ocr_line' id='line_1_13' title="bbox 761 1822 2770 1918; baseline 0.003 -28"><span class='ocrx_word' id='word_1_85' title='bbox 761 1822 876 1890; x_wconf 90' lang='lat' dir='ltr'><strong>XI.</strong></span> <span class='ocrx_word' id='word_1_86' title='bbox 943 1824 1061 1892; x_wconf 86' lang='lat' dir='ltr'><strong>His</strong></span> <span class='ocrx_word' id='word_1_87' title='bbox 1095 1825 1424 1915; x_wconf 84' lang='lat' dir='ltr'><strong>expositis,</strong></span> <span class='ocrx_word' id='word_1_88' title='bbox 1447 1826 1718 1892; x_wconf 83' lang='lat' dir='ltr'><strong>forsitan</strong></span> <span class='ocrx_word' id='word_1_89' title='bbox 1754 1824 2011 1916; x_wconf 89' lang='lat' dir='ltr'><strong>quidem</strong></span> <span class='ocrx_word' id='word_1_90' title='bbox 2042 1824 2337 1905; x_wconf 84' lang='lat' dir='ltr'><strong>obscure,</strong></span> <span class='ocrx_word' id='word_1_91' title='bbox 2360 1825 2480 1893; x_wconf 86' lang='lat' dir='ltr'><strong>sed</strong></span> <span class='ocrx_word' id='word_1_92' title='bbox 2513 1849 2710 1918; x_wconf 70' lang='lat' dir='ltr'><strong>qum</strong></span> <span class='ocrx_word' id='word_1_93' title='bbox 2735 1847 2770 1901; x_wconf 87' lang='lat'>1</span> 
     </span>
     <span class='ocr_line' id='line_1_14' title="bbox 585 1937 2705 2032; baseline 0.003 -29"><span class='ocrx_word' id='word_1_94' title='bbox 585 1939 770 2028; x_wconf 87' lang='lat' dir='ltr'><strong>potui</strong></span> <span class='ocrx_word' id='word_1_95' title='bbox 810 1937 1233 2021; x_wconf 83' lang='lat' dir='ltr'><strong>lucidissime,</strong></span> <span class='ocrx_word' id='word_1_96' title='bbox 1276 1939 1601 2006; x_wconf 82' lang='lat' dir='ltr'><strong>redeo&#39;ad</strong></span> <span class='ocrx_word' id='word_1_97' title='bbox 1637 1940 2072 2032; x_wconf 86' lang='lat' dir='ltr'><strong>propositum,</strong></span> <span class='ocrx_word' id='word_1_98' title='bbox 2123 1949 2198 2006; x_wconf 89' lang='lat' dir='ltr'><strong>ut</strong></span> <span class='ocrx_word' id='word_1_99' title='bbox 2234 1938 2505 2008; x_wconf 70' lang='lat' dir='ltr'><strong>doceam</strong></span> <span class='ocrx_word' id='word_1_100' title='bbox 2549 1941 2705 2032; x_wconf 83' lang='lat' dir='ltr'><strong>quid</strong></span> 
     </span>
     <span class='ocr_line' id='line_1_15' title="bbox 588 2051 2706 2145; baseline 0.002 -26"><span class='ocrx_word' id='word_1_101' title='bbox 588 2051 992 2143; x_wconf 82' lang='lat' dir='ltr'><strong>Pythagoras</strong></span> <span class='ocrx_word' id='word_1_102' title='bbox 1050 2054 1131 2121; x_wconf 88' lang='lat' dir='ltr'><strong>de</strong></span> <span class='ocrx_word' id='word_1_103' title='bbox 1182 2077 1456 2121; x_wconf 87' lang='lat' dir='ltr'><strong>numero</strong></span> <span class='ocrx_word' id='word_1_104' title='bbox 1510 2054 1758 2121; x_wconf 85' lang='lat' dir='ltr'><strong>dierum</strong></span> <span class='ocrx_word' id='word_1_105' title='bbox 1813 2053 1894 2120; x_wconf 85' lang='lat' dir='ltr'><strong>ad</strong></span> <span class='ocrx_word' id='word_1_106' title='bbox 1966 2062 2187 2144; x_wconf 82' lang='lat' dir='ltr'><strong>partus</strong></span> <span class='ocrx_word' id='word_1_107' title='bbox 2245 2056 2706 2145; x_wconf 58' lang='lat' dir='ltr'><strong>pertinentium</strong></span> 
     </span>
    </p>

    <p class='ocr_par' dir='ltr' id='par_1_5' title="bbox 511 2168 2774 2721">
     <span class='ocr_line' id='line_1_16' title="bbox 511 2168 2774 2259; baseline 0.005 -28"><span class='ocrx_word' id='word_1_108' title='bbox 511 2191 562 2232; x_wconf 84' lang='lat'><strong>15</strong></span> <span class='ocrx_word' id='word_1_109' title='bbox 590 2169 883 2234; x_wconf 78' lang='lat' dir='ltr'><strong>senserit.</strong></span> <span class='ocrx_word' id='word_1_110' title='bbox 960 2169 1270 2251; x_wconf 86' lang='lat' dir='ltr'><strong>Primum,</strong></span> <span class='ocrx_word' id='word_1_111' title='bbox 1308 2178 1387 2235; x_wconf 85' lang='lat' dir='ltr'><strong>ut</strong></span> <span class='ocrx_word' id='word_1_112' title='bbox 1425 2190 1622 2258; x_wconf 85' lang='lat' dir='ltr'><strong>supra</strong></span> <span class='ocrx_word' id='word_1_113' title='bbox 1665 2169 2021 2235; x_wconf 80' lang='lat' dir='ltr'><strong>memoravi</strong></span> <span class='ocrx_word' id='word_1_114' title='bbox 2071 2168 2484 2259; x_wconf 83' lang='lat' dir='ltr'><strong>generaliter,</strong></span> <span class='ocrx_word' id='word_1_115' title='bbox 2535 2169 2774 2243; x_wconf 60' lang='lat' dir='ltr'><strong>duos12</strong></span> 
     </span>
     <span class='ocr_line' id='line_1_17' title="bbox 583 2282 2708 2374; baseline 0.001 -25"><span class='ocrx_word' id='word_1_116' title='bbox 583 2306 728 2349; x_wconf 85' lang='lat' dir='ltr'><strong>esse</strong></span> <span class='ocrx_word' id='word_1_117' title='bbox 770 2291 993 2373; x_wconf 72' lang='lat' dir='ltr'><strong>partus</strong></span> <span class='ocrx_word' id='word_1_118' title='bbox 1036 2284 1295 2349; x_wconf 83' lang='lat' dir='ltr'><strong>omnino</strong></span> <span class='ocrx_word' id='word_1_119' title='bbox 1342 2283 1519 2366; x_wconf 79' lang='lat' dir='ltr'><strong>dixit,</strong></span> <span class='ocrx_word' id='word_1_120' title='bbox 1565 2282 1837 2349; x_wconf 84' lang='lat' dir='ltr'><strong>alterum</strong></span> <span class='ocrx_word' id='word_1_121' title='bbox 1867 2283 2200 2366; x_wconf 76' lang='lat' dir='ltr'><strong>minorem,</strong></span> <span class='ocrx_word' id='word_1_122' title='bbox 2237 2307 2431 2374; x_wconf 85' lang='lat' dir='ltr'><strong>quem</strong></span> <span class='ocrx_word' id='word_1_123' title='bbox 2465 2294 2708 2352; x_wconf 70' lang='lat' dir='ltr'><strong>vocant</strong></span> 
     </span>
     <span class='ocr_line' id='line_1_18' title="bbox 579 2397 2706 2491; baseline 0.001 -25"><span class='ocrx_word' id='word_1_124' title='bbox 579 2405 1158 2489; x_wconf 87' lang='lat' dir='ltr'><strong>septemmestrem‚</strong></span> <span class='ocrx_word' id='word_1_125' title='bbox 1204 2398 1314 2490; x_wconf 87' lang='lat' dir='ltr'><strong>qui</strong></span> <span class='ocrx_word' id='word_1_126' title='bbox 1359 2399 1611 2466; x_wconf 82' lang='lat' dir='ltr'><strong>decimo</strong></span> <span class='ocrx_word' id='word_1_127' title='bbox 1655 2406 1722 2464; x_wconf 79' lang='lat' dir='ltr'><strong>et</strong></span> <span class='ocrx_word' id='word_1_128' title='bbox 1756 2397 2195 2466; x_wconf 81' lang='lat' dir='ltr'><strong>ducentesimo</strong></span> <span class='ocrx_word' id='word_1_129' title='bbox 2228 2399 2330 2467; x_wconf 78' lang='lat' dir='ltr'><strong>die</strong></span> <span class='ocrx_word' id='word_1_130' title='bbox 2360 2408 2510 2491; x_wconf 76' lang='lat' dir='ltr'><strong>poet</strong></span> <span class='ocrx_word' id='word_1_131' title='bbox 2541 2421 2706 2469; x_wconf 82' lang='lat' dir='ltr'><strong>con-</strong></span> 
     </span>
     <span class='ocr_line' id='line_1_19' title="bbox 577 2511 2699 2604; baseline 0.002 -22"><span class='ocrx_word' id='word_1_132' title='bbox 577 2514 943 2604; x_wconf 75' lang='lat' dir='ltr'><strong>ceptionem</strong></span> <span class='ocrx_word' id='word_1_133' title='bbox 986 2523 1180 2580; x_wconf 85' lang='lat' dir='ltr'><strong>exeat</strong></span> <span class='ocrx_word' id='word_1_134' title='bbox 1222 2514 1301 2581; x_wconf 81' lang='lat' dir='ltr'><strong>ab</strong></span> <span class='ocrx_word' id='word_1_135' title='bbox 1345 2524 1570 2596; x_wconf 77' lang='lat' dir='ltr'><strong>utero,</strong></span> <span class='ocrx_word' id='word_1_136' title='bbox 1616 2511 1888 2581; x_wconf 84' lang='lat' dir='ltr'><strong>alterum</strong></span> <span class='ocrx_word' id='word_1_137' title='bbox 1940 2514 2253 2581; x_wconf 83' lang='lat' dir='ltr'><strong>maiorem</strong></span> <span class='ocrx_word' id='word_1_138' title='bbox 2297 2514 2699 2585; x_wconf 67' lang='lat' dir='ltr'><strong>denomines-</strong></span> 
     </span>
     <span class='ocr_line' id='line_1_20' title="bbox 574 2616 2693 2721; baseline 0.001 -26"><span class='ocrx_word' id='word_1_139' title='bbox 574 2616 765 2709; x_wconf 79' lang='lat' dir='ltr'><strong>&#39;trem,</strong></span> <span class='ocrx_word' id='word_1_140' title='bbox 809 2629 918 2718; x_wconf 87' lang='lat' dir='ltr'><strong>qui</strong></span> <span class='ocrx_word' id='word_1_141' title='bbox 953 2627 1179 2695; x_wconf 85' lang='lat' dir='ltr'><strong>edatur</strong></span> <span class='ocrx_word' id='word_1_142' title='bbox 1210 2628 1314 2696; x_wconf 92' lang='lat' dir='ltr'><strong>die</strong></span> <span class='ocrx_word' id='word_1_143' title='bbox 1347 2628 1856 2696; x_wconf 74' lang='lat' dir='ltr'><strong>ducentensimo,</strong></span> <span class='ocrx_word' id='word_1_144' title='bbox 1878 2631 2401 2718; x_wconf 78' lang='lat' dir='ltr'><strong>septuagensimo</strong></span> <span class='ocrx_word' id='word_1_145' title='bbox 2446 2639 2693 2721; x_wconf 81' lang='lat' dir='ltr'><strong>quarto.</strong></span> 
     </span>
    </p>

    <p class='ocr_par' dir='ltr' id='par_1_6' title="bbox 502 2743 2767 3293">
     <span class='ocr_line' id='line_1_21' title="bbox 502 2743 2698 2832; baseline 0.003 -25"><span class='ocrx_word' id='word_1_146' title='bbox 502 2766 559 2807; x_wconf 82' lang='lat'><strong>20</strong></span> <span class='ocrx_word' id='word_1_147' title='bbox 586 2744 881 2829; x_wconf 84' lang='lat' dir='ltr'><strong>Quorum</strong></span> <span class='ocrx_word' id='word_1_148' title='bbox 934 2743 1110 2832; x_wconf 87' lang='lat' dir='ltr'><strong>prior</strong></span> <span class='ocrx_word' id='word_1_149' title='bbox 1163 2766 1239 2809; x_wconf 88' lang='lat' dir='ltr'><strong>ac</strong></span> <span class='ocrx_word' id='word_1_150' title='bbox 1294 2745 1504 2811; x_wconf 88' lang='lat' dir='ltr'><strong>minor</strong></span> <span class='ocrx_word' id='word_1_151' title='bbox 1551 2744 1805 2809; x_wconf 78' lang='lat' dir='ltr'><strong>senario</strong></span> <span class='ocrx_word' id='word_1_152' title='bbox 1847 2744 2131 2810; x_wconf 80' lang='lat' dir='ltr'><strong>maxime</strong></span> <span class='ocrx_word' id='word_1_153' title='bbox 2172 2745 2533 2813; x_wconf 83' lang='lat' dir='ltr'><strong>continetur</strong></span> <span class='ocrx_word' id='word_1_154' title='bbox 2571 2767 2698 2813; x_wconf 87' lang='lat' dir='ltr'><strong>nu·</strong></span> 
     </span>
     <span class='ocr_line' id='line_1_22' title="bbox 578 2857 2767 2949; baseline 0.002 -24"><span class='ocrx_word' id='word_1_155' title='bbox 578 2879 778 2925; x_wconf 83' lang='lat' dir='ltr'><strong>mero.</strong></span> <span class='ocrx_word' id='word_1_156' title='bbox 875 2857 1050 2925; x_wconf 79' lang='lat' dir='ltr'><strong>Nam</strong></span> <span class='ocrx_word' id='word_1_157' title='bbox 1105 2857 1278 2949; x_wconf 89' lang='lat' dir='ltr'><strong>quod</strong></span> <span class='ocrx_word' id='word_1_158' title='bbox 1334 2881 1420 2924; x_wconf 86' lang='lat' dir='ltr'><strong>ex</strong></span> <span class='ocrx_word' id='word_1_159' title='bbox 1471 2860 1720 2927; x_wconf 87' lang='lat' dir='ltr'><strong>semine</strong></span> <span class='ocrx_word' id='word_1_160' title='bbox 1789 2866 2178 2948; x_wconf 76' lang='lat' dir='ltr'><strong>conceptum</strong></span> <span class='ocrx_word' id='word_1_161' title='bbox 2236 2868 2362 2947; x_wconf 84' lang='lat' dir='ltr'><strong>est,</strong></span> <span class='ocrx_word' id='word_1_162' title='bbox 2419 2883 2570 2942; x_wconf 86' lang='lat' dir='ltr'><strong>sex,</strong></span> <span class='ocrx_word' id='word_1_163' title='bbox 2620 2869 2767 2929; x_wconf 71' lang='lat' dir='ltr'><strong>uta</strong></span> 
     </span>
     <span class='ocr_line' id='line_1_23' title="bbox 579 2972 2690 3067; baseline 0.002 -28"><span class='ocrx_word' id='word_1_164' title='bbox 579 2974 686 3056; x_wconf 87' lang='lat' dir='ltr'><strong>ait,</strong></span> <span class='ocrx_word' id='word_1_165' title='bbox 728 2973 947 3063; x_wconf 83' lang='lat' dir='ltr'><strong>primis</strong></span> <span class='ocrx_word' id='word_1_166' title='bbox 992 2972 1217 3041; x_wconf 87' lang='lat' dir='ltr'><strong>diebus</strong></span> <span class='ocrx_word' id='word_1_167' title='bbox 1250 2974 1448 3039; x_wconf 76' lang='lat' dir='ltr'><strong>umor</strong></span> <span class='ocrx_word' id='word_1_168' title='bbox 1468 2982 1592 3039; x_wconf 82' lang='lat' dir='ltr'><strong>·est</strong></span> <span class='ocrx_word' id='word_1_169' title='bbox 1627 2972 2178 3054; x_wconf 76' lang='lat' dir='ltr'><strong>lacteus,&#39;dein&#39;de</strong></span> <span class='ocrx_word' id='word_1_170' title='bbox 2199 2975 2510 3067; x_wconf 75' lang='lat' dir='ltr'><strong>proximis</strong></span> <span class='ocrx_word' id='word_1_171' title='bbox 2542 2984 2690 3043; x_wconf 81' lang='lat' dir='ltr'><strong>octo</strong></span> 
     </span>
     <span class='ocr_line' id='line_1_24' title="bbox 575 3087 2696 3178; baseline -0 -23"><span class='ocrx_word' id='word_1_172' title='bbox 575 3089 999 3178; x_wconf 82' lang='lat' dir='ltr'><strong>sanguineus3</strong></span> <span class='ocrx_word' id='word_1_173' title='bbox 1059 3089 1168 3178; x_wconf 88' lang='lat' dir='ltr'><strong>qui</strong></span> <span class='ocrx_word' id='word_1_174' title='bbox 1221 3097 1368 3155; x_wconf 90' lang='lat' dir='ltr'><strong>octo</strong></span> <span class='ocrx_word' id='word_1_175' title='bbox 1424 3110 1573 3155; x_wconf 90' lang='lat' dir='ltr'><strong>cum</strong></span> <span class='ocrx_word' id='word_1_176' title='bbox 1633 3087 1715 3154; x_wconf 86' lang='lat' dir='ltr'><strong>ad</strong></span> <span class='ocrx_word' id='word_1_177' title='bbox 1771 3088 2013 3178; x_wconf 87' lang='lat' dir='ltr'><strong>primos</strong></span> <span class='ocrx_word' id='word_1_178' title='bbox 2079 3111 2200 3155; x_wconf 80' lang='lat' dir='ltr'><strong>sex</strong></span> <span class='ocrx_word' id='word_1_179' title='bbox 2260 3098 2696 3171; x_wconf 84' lang='lat' dir='ltr'><strong>accesserunt,</strong></span> 
     </span>
     <span class='ocr_line' id='line_1_25' title="bbox 578 3198 2691 3293; baseline 0 -23"><span class='ocrx_word' id='word_1_180' title='bbox 578 3204 819 3270; x_wconf 86' lang='lat' dir='ltr'><strong>faciunt</strong></span> <span class='ocrx_word' id='word_1_181' title='bbox 854 3202 1128 3292; x_wconf 85' lang='lat' dir='ltr'><strong>primam</strong></span> <span class='ocrx_word' id='word_1_182' title='bbox 1170 3201 1595 3292; x_wconf 87' lang='lat' dir='ltr'><strong>symphonian</strong></span> <span class='ocrx_word' id='word_1_183' title='bbox 1639 3198 1753 3268; x_wconf 79' lang='grc' dir='ltr'><strong>διὰ</strong></span> <span class='ocrx_word' id='word_1_184' title='bbox 1796 3198 2152 3292; x_wconf 80' lang='grc' dir='ltr'><em>τεσσάρων.</em></span> <span class='ocrx_word' id='word_1_185' title='bbox 2250 3203 2438 3269; x_wconf 88' lang='lat' dir='ltr'><strong>tertio</strong></span> <span class='ocrx_word' id='word_1_186' title='bbox 2482 3200 2691 3293; x_wconf 84' lang='lat' dir='ltr'><strong>gradu</strong></span> 
     </span>
    </p>

    <p class='ocr_par' dir='ltr' id='par_1_7' title="bbox 498 3315 2691 3535">
     <span class='ocr_line' id='line_1_26' title="bbox 498 3315 2691 3387; baseline 0.001 -4"><span class='ocrx_word' id='word_1_187' title='bbox 498 3345 552 3384; x_wconf 78' lang='lat'><strong>2⁵</strong></span> <span class='ocrx_word' id='word_1_188' title='bbox 577 3340 817 3387; x_wconf 89' lang='lat' dir='ltr'><strong>novem</strong></span> <span class='ocrx_word' id='word_1_189' title='bbox 863 3316 998 3383; x_wconf 89' lang='lat' dir='ltr'><strong>dies</strong></span> <span class='ocrx_word' id='word_1_190' title='bbox 1044 3316 1359 3384; x_wconf 86' lang='lat' dir='ltr'><strong>accedunt</strong></span> <span class='ocrx_word' id='word_1_191' title='bbox 1398 3318 1530 3383; x_wconf 87' lang='lat' dir='ltr'><strong>iam</strong></span> <span class='ocrx_word' id='word_1_192' title='bbox 1572 3340 1832 3384; x_wconf 86' lang='lat' dir='ltr'><strong>carnem</strong></span> <span class='ocrx_word' id='word_1_193' title='bbox 1882 3319 2218 3385; x_wconf 80' lang='lat' dir='ltr'><strong>facientes:</strong></span> <span class='ocrx_word' id='word_1_194' title='bbox 2267 3315 2333 3383; x_wconf 89' lang='lat' dir='ltr'><strong>hi</strong></span> <span class='ocrx_word' id='word_1_195' title='bbox 2375 3340 2525 3384; x_wconf 89' lang='lat' dir='ltr'><strong>cum</strong></span> <span class='ocrx_word' id='word_1_196' title='bbox 2567 3342 2691 3385; x_wconf 87' lang='lat' dir='ltr'><strong>sex</strong></span> 
     </span>
     <span class='ocr_line' id='line_1_27' title="bbox 573 3430 2685 3535; baseline -0.001 -35"><span class='ocrx_word' id='word_1_197' title='bbox 573 3432 695 3500; x_wconf 89' lang='lat' dir='ltr'><strong>illis</strong></span> <span class='ocrx_word' id='word_1_198' title='bbox 725 3433 944 3523; x_wconf 87' lang='lat' dir='ltr'><strong>primis</strong></span> <span class='ocrx_word' id='word_1_199' title='bbox 989 3431 1204 3500; x_wconf 86' lang='lat' dir='ltr'><strong>collati</strong></span> <span class='ocrx_word' id='word_1_200' title='bbox 1233 3430 1598 3521; x_wconf 86' lang='lat' dir='ltr'><strong>sescuplam</strong></span> <span class='ocrx_word' id='word_1_201' title='bbox 1627 3432 1868 3498; x_wconf 86' lang='lat' dir='ltr'><strong>faciunt</strong></span> <span class='ocrx_word' id='word_1_202' title='bbox 1895 3434 2206 3535; x_wconf 81' lang='lat' dir='ltr'><strong>rationem</strong></span> <span class='ocrx_word' id='word_1_203' title='bbox 2234 3440 2298 3500; x_wconf 92' lang='lat' dir='ltr'><strong>et</strong></span> <span class='ocrx_word' id='word_1_204' title='bbox 2330 3431 2685 3501; x_wconf 88' lang='lat' dir='ltr'><strong>secundam</strong></span> 
     </span>
    </p>
   </div>
   <div class='ocr_carea' id='block_1_3' title="bbox 572 3652 2349 3744">
    <p class='ocr_par' dir='ltr' id='par_1_8' title="bbox 572 3652 2349 3744">
     <span class='ocr_line' id='line_1_28' title="bbox 572 3652 2349 3744; baseline -0.001 -30"><span class='ocrx_word' id='word_1_205' title='bbox 572 3658 641 3714; x_wconf 84' lang='lat'><strong>11</strong></span> <span class='ocrx_word' id='word_1_206' title='bbox 686 3662 776 3711; x_wconf 87' lang='lat' dir='ltr'><strong>est</strong></span> <span class='ocrx_word' id='word_1_207' title='bbox 815 3653 944 3711; x_wconf 83' lang='lat' dir='ltr'><strong>ead.</strong></span> <span class='ocrx_word' id='word_1_208' title='bbox 985 3673 1073 3732; x_wconf 86' lang='lat' dir='ltr'><strong>pr.</strong></span> <span class='ocrx_word' id='word_1_209' title='bbox 1194 3658 1269 3712; x_wconf 84' lang='lat'><strong>12</strong></span> <span class='ocrx_word' id='word_1_210' title='bbox 1310 3652 1540 3744; x_wconf 80' lang='lat' dir='ltr'><strong>quidem</strong></span> <span class='ocrx_word' id='word_1_211' title='bbox 1581 3673 1690 3713; x_wconf 84' lang='lat' dir='ltr'><strong>om.</strong></span> <span class='ocrx_word' id='word_1_212' title='bbox 1861 3658 1932 3714; x_wconf 83' lang='lat'><strong>16</strong></span> <span class='ocrx_word' id='word_1_213' title='bbox 1975 3655 2349 3713; x_wconf 71' lang='lat' dir='ltr'><strong>omninoom.</strong></span> 
     </span>
    </p>
   </div>
   <div class='ocr_carea' id='block_1_4' title="bbox 565 3866 2676 4252">
    <p class='ocr_par' dir='ltr' id='par_1_9' title="bbox 565 3866 2676 4023">
     <span class='ocr_line' id='line_1_29' title="bbox 568 3866 2674 3946; baseline -0 -18"><span class='ocrx_word' id='word_1_214' title='bbox 568 3876 598 3928; x_wconf 92' lang='lat'>1</span> <span class='ocrx_word' id='word_1_215' title='bbox 643 3866 973 3946; x_wconf 77' lang='lat' dir='ltr'><strong>adprobalnt</strong></span> <span class='ocrx_word' id='word_1_216' title='bbox 1001 3867 1074 3925; x_wconf 89' lang='lat' dir='ltr'><strong>D.</strong></span> <span class='ocrx_word' id='word_1_217' title='bbox 1192 3871 1230 3924; x_wconf 85' lang='lat'>2</span> <span class='ocrx_word' id='word_1_218' title='bbox 1252 3869 1436 3944; x_wconf 64' lang='lat' dir='ltr'><strong>primm</strong></span> <span class='ocrx_word' id='word_1_219' title='bbox 1459 3866 1533 3926; x_wconf 88' lang='lat' dir='ltr'><strong>D.</strong></span> <span class='ocrx_word' id='word_1_220' title='bbox 1652 3871 1688 3924; x_wconf 86' lang='lat'>3</span> <span class='ocrx_word' id='word_1_221' title='bbox 1722 3866 1820 3925; x_wconf 75' lang='lat' dir='ltr'><strong>clia</strong></span> <span class='ocrx_word' id='word_1_222' title='bbox 1841 3874 1975 3926; x_wconf 69' lang='lat' dir='ltr'><strong>uss.</strong></span> <span class='ocrx_word' id='word_1_223' title='bbox 2000 3868 2095 3925; x_wconf 92' lang='lat' dir='ltr'><strong>Dl.</strong></span> <span class='ocrx_word' id='word_1_224' title='bbox 2201 3870 2241 3927; x_wconf 87' lang='lat'>4</span> <span class='ocrx_word' id='word_1_225' title='bbox 2261 3871 2513 3944; x_wconf 65' lang='lat' dir='ltr'><strong>portion.</strong></span> <span class='ocrx_word' id='word_1_226' title='bbox 2537 3868 2674 3944; x_wconf 82' lang='lat' dir='ltr'><strong>Dgl.</strong></span> 
     </span>
     <span class='ocr_line' id='line_1_30' title="bbox 565 3944 2676 4080; baseline -0 -74"><span class='ocrx_word' id='word_1_227' title='bbox 565 3952 602 4006; x_wconf 87' lang='grc'>5</span> <span class='ocrx_word' id='word_1_228' title='bbox 633 3949 818 4080; x_wconf 67' lang='lat' dir='ltr'><strong>portio</strong></span> <span class='ocrx_word' id='word_1_229' title='bbox 838 3944 974 4022; x_wconf 86' lang='lat' dir='ltr'><strong>Dgl.</strong></span> <span class='ocrx_word' id='word_1_230' title='bbox 1106 3944 1205 4003; x_wconf 70' lang='lat' dir='ltr'><strong>dia</strong></span> <span class='ocrx_word' id='word_1_231' title='bbox 1241 3951 1404 4021; x_wconf 69' lang='lat' dir='ltr'><strong>pente</strong></span> <span class='ocrx_word' id='word_1_232' title='bbox 1438 3944 1511 4001; x_wconf 92' lang='lat' dir='ltr'><strong>D.</strong></span> <span class='ocrx_word' id='word_1_233' title='bbox 1676 3948 1714 4002; x_wconf 90' lang='lat'><strong>7</strong></span> <span class='ocrx_word' id='word_1_234' title='bbox 1750 3952 1899 4020; x_wconf 74' lang='lat' dir='ltr'><strong>port.</strong></span> <span class='ocrx_word' id='word_1_235' title='bbox 1921 3944 2127 4023; x_wconf 77' lang='lat' dir='ltr'><strong>DRgl.</strong></span> <span class='ocrx_word' id='word_1_236' title='bbox 2257 3945 2446 4004; x_wconf 62' lang='grc' dir='ltr'><strong>ὤσει.</strong></span> <span class='ocrx_word' id='word_1_237' title='bbox 2481 3945 2529 4017; x_wconf 76' lang='lat' dir='ltr'><strong>f.</strong></span> <span class='ocrx_word' id='word_1_238' title='bbox 2575 3947 2676 4004; x_wconf 69' lang='lat' dir='ltr'><strong>dia</strong></span> 
     </span>
    </p>

    <p class='ocr_par' dir='ltr' id='par_1_10' title="bbox 565 4016 2674 4252">
     <span class='ocr_line' id='line_1_31' title="bbox 789 4016 2671 4099; baseline 0.001 -20"><span class='ocrx_word' id='word_1_239' title='bbox 789 4064 802 4079; x_wconf 92' lang='lat'><strong>.</strong></span> <span class='ocrx_word' id='word_1_240' title='bbox 940 4028 1020 4081; x_wconf 91' lang='grc'><strong>10</strong></span> <span class='ocrx_word' id='word_1_241' title='bbox 1055 4030 1167 4081; x_wconf 65' lang='lat' dir='ltr'><strong>uu.</strong></span> <span class='ocrx_word' id='word_1_242' title='bbox 1188 4029 1367 4079; x_wconf 69' lang='lat' dir='ltr'><strong>——est</strong></span> <span class='ocrx_word' id='word_1_243' title='bbox 1405 4040 1514 4079; x_wconf 89' lang='lat' dir='ltr'><strong>om.</strong></span> <span class='ocrx_word' id='word_1_244' title='bbox 1557 4021 1633 4078; x_wconf 86' lang='lat' dir='ltr'><strong>la.</strong></span> <span class='ocrx_word' id='word_1_245' title='bbox 1787 4016 1972 4080; x_wconf 75' lang='lat' dir='ltr'><strong>utrub.</strong></span> <span class='ocrx_word' id='word_1_246' title='bbox 2017 4022 2091 4080; x_wconf 92' lang='lat' dir='ltr'><strong>D.</strong></span> <span class='ocrx_word' id='word_1_247' title='bbox 2221 4026 2288 4080; x_wconf 89' lang='lat'><strong>11</strong></span> <span class='ocrx_word' id='word_1_248' title='bbox 2329 4026 2520 4099; x_wconf 67' lang='lat' dir='ltr'><strong>portio</strong></span> <span class='ocrx_word' id='word_1_249' title='bbox 2556 4023 2671 4099; x_wconf 76' lang='lat' dir='ltr'><strong>Dg.</strong></span> 
     </span>
     <span class='ocr_line' id='line_1_32' title="bbox 565 4096 2674 4176; baseline 0 -18"><span class='ocrx_word' id='word_1_250' title='bbox 565 4101 638 4158; x_wconf 83' lang='grc'><strong>14</strong></span> <span class='ocrx_word' id='word_1_251' title='bbox 658 4104 987 4174; x_wconf 74' lang='lat' dir='ltr'><strong>pertinerent</strong></span> <span class='ocrx_word' id='word_1_252' title='bbox 1005 4101 1081 4157; x_wconf 88' lang='lat' dir='ltr'><strong>la.</strong></span> <span class='ocrx_word' id='word_1_253' title='bbox 1183 4102 1202 4157; x_wconf 77' lang='lat' dir='ltr'><strong>i</strong></span> <span class='ocrx_word' id='word_1_254' title='bbox 1222 4096 1297 4157; x_wconf 82' lang='lat' dir='ltr'><strong>ad</strong></span> <span class='ocrx_word' id='word_1_255' title='bbox 1316 4114 1374 4176; x_wconf 78' lang='lat' dir='ltr'><strong>p.</strong></span> <span class='ocrx_word' id='word_1_256' title='bbox 1398 4100 1737 4174; x_wconf 71' lang='lat' dir='ltr'><strong>pertinerent</strong></span> <span class='ocrx_word' id='word_1_257' title='bbox 1833 4101 2107 4176; x_wconf 68' lang='lat' dir='ltr'><strong>paruum</strong></span> <span class='ocrx_word' id='word_1_258' title='bbox 2126 4120 2201 4158; x_wconf 88' lang='grc' dir='ltr'><strong>ιιι.</strong></span> <span class='ocrx_word' id='word_1_259' title='bbox 2313 4103 2388 4157; x_wconf 85' lang='grc'><strong>16</strong></span> <span class='ocrx_word' id='word_1_260' title='bbox 2410 4099 2537 4158; x_wconf 60' lang='lat' dir='ltr'><strong>dim</strong></span> <span class='ocrx_word' id='word_1_261' title='bbox 2558 4120 2674 4159; x_wconf 72' lang='lat' dir='ltr'><strong>am.</strong></span> 
     </span>
     <span class='ocr_line' id='line_1_33' title="bbox 566 4117 2545 4252; baseline -0.002 -16"><span class='ocrx_word' id='word_1_262' title='bbox 566 4181 638 4237; x_wconf 84' lang='lat'><strong>19</strong></span> <span class='ocrx_word' id='word_1_263' title='bbox 677 4181 1084 4252; x_wconf 66' lang='lat' dir='ltr'><strong>septuayesmo</strong></span> <span class='ocrx_word' id='word_1_264' title='bbox 1107 4118 1195 4234; x_wconf 56' lang='grc' dir='ltr'><strong>Ἡ.</strong></span> <span class='ocrx_word' id='word_1_265' title='bbox 1353 4177 1427 4233; x_wconf 84' lang='grc'><strong>24</strong></span> <span class='ocrx_word' id='word_1_266' title='bbox 1467 4174 1565 4232; x_wconf 74' lang='lat' dir='ltr'><strong>dm</strong></span> <span class='ocrx_word' id='word_1_267' title='bbox 1603 4183 1733 4234; x_wconf 72' lang='lat' dir='ltr'><strong>teos.</strong></span> <span class='ocrx_word' id='word_1_268' title='bbox 1757 4117 1848 4233; x_wconf 80' lang='lat' dir='ltr'><strong>gD.</strong></span> <span class='ocrx_word' id='word_1_269' title='bbox 2026 4181 2101 4235; x_wconf 84' lang='grc'><strong>26</strong></span> <span class='ocrx_word' id='word_1_270' title='bbox 2138 4174 2436 4235; x_wconf 69' lang='lat' dir='ltr'><strong>sectandum</strong></span> <span class='ocrx_word' id='word_1_271' title='bbox 2471 4177 2545 4234; x_wconf 87' lang='lat' dir='ltr'><strong>D.</strong></span> 
     </span>
    </p>
   </div>
   <div class='ocr_carea' id='block_1_5' title="bbox 3021 779 3022 2861">
    <p class='ocr_par' dir='ltr' id='par_1_11' title="bbox 3021 779 3022 2861">
     <span class='ocr_line' id='line_1_34' title="bbox 3021 779 3022 2861; baseline 0 0"><span class='ocrx_word' id='word_1_272' title='bbox 3021 779 3022 2861; x_wconf 95' lang='lat' dir='ltr'><strong> </strong></span> 
     </span>
    </p>
   </div>
  </div>
 </body>
</html>
