3025 4925
581 391 703 432 vul
1361 369 1979 433 PROLEGOMENA.

580 547 731 613 stat.
813 538 1176 613 Utilitatem
1231 537 1427 610 huius
1479 536 1635 610 libri
1675 538 1880 613 valde
1929 541 2279 636 praedicat
2319 542 2701 620 Cassiodo-

577 688 723 759 rus,
776 668 891 763 qui
942 667 1014 738 in
1064 664 1265 740 libro·
1292 665 1381 738 de
1432 667 1696 738 musica
1751 667 1856 763 (p.
1891 667 2122 763 5733:
2176 670 2698 772 „Invenimus,''
2814 714 2824 720 ·

574 795 694 885 ait,
749 795 1007 885 „etiam
1039 792 1640 884 Censorinum,
1677 797 1792 890 qui
1835 794 1923 867 ad
1952 794 2032 882 Q.
2059 793 2427 878 ‚Corellium
2468 801 2700 897 scrip-

576 924 665 995 sit
717 920 809 994 de
857 919 1061 994 natali
1116 921 1262 993 eius
1318 919 1465 1012 die,
1537 919 1652 993 uhi
1719 922 1808 995 de
1857 924 2119 995 musica
2182 923 2532 1022 disciplina
2584 926 2702 1000 vel

577 1047 667 1120 de
710 1047 842 1120 alia
892 1058 1088 1143 parte
1138 1046 1460 1121 mathesis
1498 1069 1639 1120 non
1671 1048 2089 1144 negligenda
2131 1051 2482 1143 disseruit,
2515 1075 2697 1148 quo-

572 1176 759 1247 niam
807 1196 947 1249 non
998 1173 1322 1247 inutiliter
1370 1174 1647 1268 legitur,
1697 1184 1771 1247 ut
1821 1199 1938 1250 res
1977 1177 2172 1271 ipsae
2207 1179 2695 1274 penetrabffius

577 1303 803 1377 animo
858 1302 1199 1397 frequenti
1250 1302 1692 1376 meditatione
1735 1302 2182 1377 condantur.''
2265 1305 2479 1400 Igitur
2517 1306 2698 1402 quod

578 1423 1003 1505 Censorinus
1044 1429 1152 1525 (p.
1178 1427 1306 1520 23,
1332 1428 1473 1522 15)
1516 1431 1844 1504 musicam
1881 1440 2088 1504 vocat
2119 1434 2475 1507 scientiam
2514 1431 2698 1506 bene

575 1556 1006 1649 modulandi,
1073 1559 1294 1629 statim
1345 1559 1433 1647 in⁸
1468 1580 1616 1631 rem
1685 1580 1877 1631 suam
1940 1562 2150 1633 'vertit
2214 1558 2697 1650 Cassiodorus,

572 1685 891 1781 idemque
942 1687 1013 1756 in
1060 1682 1236 1757 libre
1292 1685 1382 1758 de
1431 1688 1813 1779 geometria
1866 1684 1974 1781 [p.
2004 1686 2238 1781 5773:
2292 1686 2696 1779 „Censo-

572 1813 885 1903 rinus,''
928 1813 1045 1902 ait,
1100 1813 1224 1903 „in
1265 1809 1468 1902 libro,
1502 1834 1703 1908 quem
1741 1813 2012 1907 scripsit
2056 1814 2142 1885 ad
2181 1813 2262 1901 Q.
2302 1813 2696 1905 Cerellium,

521 1979 527 1990 1
574 1935 790 2035 spatia
858 1940 1008 2035 ipsa
1075 1937 1251 2011 caeli
1314 1948 1681 2035 terraeque
1739 1937 2068 2012 'ambitum
2151 1964 2278 2037 per
2340 1961 2698 2016 numerum

572 2066 946 2140 stadiorum
988 2059 1301 2141 distincta
1348 2068 1742 2140 curiositate
1780 2067 2166 2163 descripsit,
2213 2092 2413 2164 quem
2449 2072 2509 2144 si
2548 2070 2700 2165 quis

566 2213 947 2268 recensere
998 2191 1321 2282 voluerit,
1372 2193 1578 2264 multa
1615 2193 2171 2289 philosophorum
2210 2199 2539 2291 mysteria
2581 2196 2697 2268 uhi

567 2321 818 2416 legerit
854 2320 1232 2415 agnoscet''
1267 2317 1400 2414 (cf.
1430 2317 1724 2393 Censor..
1752 2343 1816 2416 p.
1840 2320 1965 2412 31,
1999 2321 2092 2394 13
2113 2319 2329 2417 sqq).
2389 2322 2483 2394 Et
2519 2345 2696 2397 vero

567 2441 816 2547 postea
866 2440 1141 2545 wo'qu'e
1192 2447 1368 2545 apud
1394 2468 1399 2475 ·
1424 2447 1917 2523 doctos-viros
1975 2471 2256 2544 semper
2291 2445 2696 2525 Censorino

568 2578 817 2651 mansit
864 2568 1014 2650 iaus
1067 2584 1430 2649 accuratae
1482 2574 1838 2648 doctrinae
1890 2584 1959 2649 et
2011 2578 2306 2671 optimae
2345 2575 2531 2668 fidei,
2574 2580 2700 2650 in·-

569 2714 679 2776 ter
729 2725 902 2799 quos
956 2705 1014 2776 si
1067 2702 1226 2777 Ios.
1271 2701 1708 2796 Scaligeri
1760 2712 1833 2775 et
1883 2701 2203 2775 Ideleri
2255 2726 2504 2797 magna
2554 2712 2697 2778 no*-

572 2833 754 2904 mina
804 2824 1208 2922 adhibuero,
1262 2828 1578 2904 omnibus
1620 2828 2036 2904 satisfactum
2071 2832 2220 2903 erit.
2297 2830 2539 2926 Neque
2567 2854 2696 2906 nos

573 2978 939 3054 possumus
982 2960 1152 3053 -quin
1202 2958 1381 3052 grati
1420 2978 1903 3051 agnoscamus,
1954 2979 2185 3031 rerum
2223 2966 2427 3053 atque
2464 2961 2696 3054 scrip-

575 3096 798 3161 torum
846 3083 1027 3157 haud
1079 3106 1449 3181 paucerum
1497 3086 1808 3158 notitiam
1842 3083 2039 3160 nohis
2069 3084 2432 3159 tradidisse
2476 3085 2698 3189 solum

577 3222 693 3285 aut
741 3235 911 3310 prae
963 3213 1215 3285 ceteris
1256 3210 1736 3303 Censorinum,
1789 3212 2097 3306 quamvis
2145 3210 2282 3284 hoc
2333 3214 2482 3287 eius
2534 3235 2697 3286 me-

576 3341 777 3413 ritum
825 3341 1048 3413 minus
1102 3340 1253 3413 sine
1308 3338 1510 3414 dubio
1564 3338 1772 3431 foret,
1804 3341 1864 3413 si
1905 3336 2103 3412 nobis
2152 3338 2242 3410 ad
2277 3339 2487 3433 ipsius
2525 3338 2697 3414 fon-

578 3478 684 3542 tes
734 3467 852 3542 vel
903 3467 1128 3564 potius
1182 3465 1442 3540 fontem
1493 3468 1883 3564 primarium
1935 3465 2168 3537 redire
2209 3464 2472 3541 liceret.
2540 3467 2697 3541 Non

580 3603 807 3692 potest
858 3596 1039 3668 enim
1094 3592 1366 3667 dubium
1423 3616 1614 3686 esse,
1668 3595 1827 3690 quin
1855 3592 2134 3664 'Varro
2184 3593 2246 3667 is
2298 3604 2537 3670 auctor
2586 3597 2698 3686 sit,

582 3745 781 3819 quem
834 3720 1084 3817 ubique
1137 3720 1290 3794 fere
1341 3734 1617 3797 secutus
1671 3732 1779 3812 est
1818 3718 2267 3812 Censorinus,
2319 3724 2697 3798 cuiuscum

581 3850 984 3948 saepissime
1032 3852 1187 3948 ipse
1238 3851 1657 3924 mentionem
1696 3847 1927 3940 faciat,
1978 3858 2116 3921 tum
2154 3848 2303 3923 aliis
2344 3849 2516 3925 locis
2553 3850 2696 3924 ho-

584 3978 829 4076 dieque
883 3976 1160 4075 probari
1207 3987 1432 4074 potest
1474 4000 1630 4052 eum
1685 3977 2019 4051 Varronis
2054 3977 2454 4049 auctoritate
2497 3998 2695 4051 usum

452 4117 478 4135 ⁸
583 4128 742 4180 esse
795 4114 863 4178 et
916 4129 1009 4179 ex
1060 4104 1427 4180 doctissimi
1478 4105 1612 4178 viri
1666 4102 2051 4196 ingentibus
2097 4101 2346 4179 divitiis
2393 4104 2718 4203 copiolas·
