3025 4925
902 412 1009 472 DE
1044 412 1174 471 DIE
1214 410 1506 471 NATALl
1547 413 1714 472 CAP.
1736 416 1829 471 12.
2338 420 2410 474 31

313 577 603 644 eiusdem
651 576 1007 667 professor,
1051 594 1363 642 venarum
1403 572 1628 663 pulsus
1670 570 1982 663 rhythmis
2025 573 2286 641 musicis
2328 577 2416 642 ait

308 691 579 761 moveri.
664 689 888 780 Itaque
932 689 990 755 si
1030 695 1096 756 et
1134 688 1201 754 in
1246 688 1533 778 corporis
1576 697 1643 754 et
1681 689 1874 756 animi
1915 696 2097 756 motu
2139 695 2237 756 est
2270 685 2419 760 har·-
2444 704 2482 760 5

306 807 556 887 monia,
618 804 847 894 procul
891 803 1082 872 dubio
1129 823 1169 870 a
1208 800 1523 870 natalibus
1579 803 1814 870 nostris
1855 804 2104 871 musica
2143 826 2276 872 non
2319 815 2419 876 est

306 919 535 988 aliena.

255 1048 283 1088 ὅ
484 1033 647 1102 XIII.
713 1033 815 1100 Ad
843 1029 1007 1102 haec
1037 1032 1287 1100 accedit
1315 1031 1488 1123 quod
1511 1030 1916 1123 Pythagoras
1946 1030 2224 1123 prodidit
2250 1029 2421 1101 hunc
2449 1038 2479 1091 1

311 1160 520 1218 totum
574 1148 886 1216 mundum
927 1148 1174 1216 musica
1215 1148 1455 1216 factum
1498 1147 1765 1228 ratione,
1803 1155 2184 1237 septemque
2205 1146 2422 1216 stellas

305 1264 476 1330 inter
532 1263 785 1332 caelum
844 1272 911 1330 et
961 1271 1202 1332 terram
1245 1271 1476 1350 vagas,
1533 1281 1699 1351 quae
1742 1259 2108 1328 mortalium
2150 1284 2425 1351 geneses

306 1378 757 1459 moderantur,
794 1386 1045 1446 motum
1086 1375 1326 1446 habere
1362 1374 1755 1464 ‘eurythmon
1800 1385 1866 1441 et
1905 1374 2239 1444 intervalla
2280 1398 2423 1446 mu-

306 1494 455 1561 sicis
500 1493 890 1562 diastematis
936 1514 1259 1581 congrua,
1309 1492 1684 1582 sonitusque
1737 1490 1949 1558 varios
1993 1488 2263 1557 reddere
2304 1511 2424 1581 pro

228 1629 286 1669 ιο
300 1632 429 1678 sua
474 1630 797 1699 quamque
843 1604 1174 1678 altitudine
1202 1608 1293 1674 ita
1327 1604 1705 1687 concordes,
1734 1613 1807 1674 ut
1831 1603 2263 1674 dulcissimam
2286 1606 2428 1696 qui-

180 1717 191 1724 ”
304 1723 455 1794 dem
497 1723 843 1790 concinant
882 1719 1239 1803 melodian,
1298 1719 1415 1789 sed
1468 1718 1652 1787 nobis
1710 1717 2120 1786 inaudibilem
2160 1728 2426 1810 propter

303 1839 481 1905 vocis
524 1836 1049 1926 magnitudinem,
1097 1859 1292 1927 quam
1336 1857 1571 1925 capere
1617 1836 1866 1902 aurium
1908 1843 2274 1901 nostrarum
2305 1858 2421 1906 an-

303 1954 558 2042 gustiae
615 1973 749 2018 non
802 1951 1068 2039 possint.
1169 1948 1343 2017 Nam
1397 1958 1472 2015 ut
1524 1945 1984 2016 Eratosthenes
2029 1950 2483 2036 geometr-1022

304 2067 554 2133 ratione
611 2063 873 2153 collegit
922 2064 1279 2134 maximum
1334 2072 1548 2134 terrae
1603 2063 1939 2132 circuitum
1996 2083 2139 2129 esse
2180 2063 2421 2136 stadio·

218 2207 277 2249 15
308 2202 455 2247 rum
499 2178 850 2246 ducentum
896 2178 1356 2270 quinquaginta
1397 2177 1598 2248 duum
1639 2175 1917 2259 milium,
1960 2179 2049 2248 ita
2089 2177 2420 2271 Pythago-

302 2317 410 2362 ras
469 2302 629 2385 quot
684 2292 890 2362 stadia
951 2294 1119 2360 inter
1176 2301 1417 2362 terram
1473 2301 1540 2359 et
1593 2291 1879 2382 singulas
1936 2292 2155 2362 stellas
2199 2307 2420 2366 essent

299 2409 623 2478 indicavit.
711 2406 1006 2479 Stadium
1049 2415 1269 2477 autem
1310 2409 1376 2474 in
1419 2404 1544 2475 hac
1586 2406 1807 2479 mundi
1849 2429 2151 2476 mensura
2192 2408 2259 2476 id
2298 2433 2417 2503 po·-

298 2527 617 2593 tissimum
657 2522 1167 2614 intellegendum
1210 2530 1308 2591 est
1345 2524 1520 2613 quod
1562 2521 1850 2595 Italicum
1891 2533 2147 2606 vocant,
2177 2525 2417 2614 pedum

303 2648 768 2708 sexcentorum
809 2639 1037 2728 viginti
1077 2639 1388 2730 quinque:
1426 2660 1584 2707 nam
1624 2647 1778 2707 sunt
1815 2647 2153 2730 praeterea
2195 2649 2262 2707 et
2291 2640 2417 2710 alia

213 2779 281 2819 ιο
306 2753 701 2846 longitudine
756 2753 1216 2845 discrepantia,
1268 2762 1341 2820 ut
1395 2752 1838 2844 Olympicum,
1907 2754 2082 2844 quod
2139 2764 2238 2821 est
2295 2779 2411 2847 pc-

299 2869 454 2937 dum
507 2878 921 2950 sexcentum,
978 2869 1136 2937 item
1193 2865 1541 2956 Pythicum
1590 2867 1832 2956 pedum
1877 2891 1975 2935 σο.
2074 2867 2272 2958 Igitur
2327 2871 2408 2939 ab
2436 2885 2473 2940 3

298 2992 470 3050 terra
514 2983 595 3050 ad
636 2982 859 3050 lunam
901 2980 1306 3072 Pythagoras
1351 2983 1603 3071 putavit
1643 3004 1787 3048 esse
1831 2981 2183 3050 stadiorum
2228 2986 2413 3053 circi-

298 3107 397 3165 ter
440 3107 700 3165 centum
741 3096 964 3187 viginti
1009 3118 1129 3162 sex
1171 3093 1363 3176 milia,
1403 3093 1600 3185 idque
1632 3117 1775 3162 esse
1811 3097 1945 3164 toni
1969 3098 2407 3195 intervallum3

294 3348 332 3402 8
374 3334 693 3419 εὔρυθμον
888 3342 957 3397 11
1002 3337 1310 3398 melodiam
1508 3343 1581 3397 13
1622 3350 1865 3419 possunt
2066 3347 2143 3402 22
2183 3342 2260 3402 ad
2298 3360 2408 3405 om.

293 3580 330 3633 2
368 3581 422 3633 et
457 3576 516 3633 in
554 3592 652 3636 an.
691 3571 769 3649 gl.
958 3572 995 3629 5
1035 3569 1243 3629 accidit
1279 3571 1545 3649 D(a2m.
1562 3593 1629 3631 su
1673 3572 1786 3649 ne)
1801 3576 1872 3633 R.
2061 3579 2099 3635 8
2137 3577 2408 3655 mrytbm.

294 3670 405 3710 om.
447 3670 502 3728 g.
620 3658 658 3710 9
697 3654 823 3709 arte
861 3647 1000 3705 add.
1040 3666 1117 3704 m.
1235 3652 1313 3707 10
1349 3594 1772 3726 qum-ossnv,
1811 3668 2098 3729 quoqueg.
2138 3671 2410 3730 mumque
2487 3650 2494 3659 ’

295 3729 530 3806 quidam
568 3727 726 3807 apud
764 3726 983 3783 Manat.
1103 3728 1172 3781 11
1217 3728 1503 3783 concinnant
1540 3746 1594 3784 ν.
1712 3732 1787 3786 12
2084 3729 2157 3786 D.
2273 3749 2404 3806 any.

290 3812 561 3881 nemaeum
597 3822 654 3881 g.
794 3805 868 3861 13
909 3798 1231 3858 Erastosth.
1271 3800 1344 3859 D.
1388 3801 1465 3858 cf.
1505 3801 1848 3879 Bernhardy
1945 3814 2050 3862 rat.
2133 3848 2149 3863 .
2177 3810 2254 3865 57
2273 3825 2345 3883 sq
2387 3846 2405 3863 .
2497 3852 2508 3867 .

292 3881 500 3941 Ideler.
540 3881 685 3939 Abh.
730 3879 788 3936 d.
829 3876 988 3935 Berl.
1027 3875 1208 3932 Acad.
1251 3879 1399 3937 1825
1439 3898 1499 3956 p.
1524 3881 1636 3938 176
1657 3897 1728 3957 sq
1771 3921 1786 3936 .
1915 3881 1991 3939 14
2031 3899 2059 3938 c
2119 3882 2244 3958 ltyit
2271 3825 2404 3960 RgI.

291 3962 365 4020 16
403 3961 468 4016 in
507 3966 714 4016 terram
749 3957 822 4014 R.
962 3955 1038 4011 17
1074 3948 1326 4009 stadium
1368 3952 1442 4009 cf.
1483 3952 1691 4013 Ideler.
1730 3898 1881 4014 Kbh.
1923 3956 1981 4013 d.
2022 3956 2179 4016 Berl.
2220 3960 2401 4019 Acad.

288 4038 441 4096 1826
480 4056 540 4128 p.
562 4038 636 4092 12
654 4052 782 4109 sqq.
822 4031 1052 4088 Krause
1081 4028 1289 4103 Gymn.
1330 4048 1387 4119 u.
1426 4028 1610 4107 Agon.
1637 4029 1739 4109 lp.
1763 4032 1875 4090 134
1894 4050 2020 4167 stffl.
2148 4040 2221 4094 19
2259 4054 2402 4095 sesc-

286 4115 500 4188 05901250
535 4111 609 4167 D.
725 4114 795 4167 21
837 4121 1041 4163 onom.
1064 4124 1116 4163 t.
1161 4109 1218 4164 D
1257 4106 1622 4165 scribendum
1656 4117 1855 4167 censet
1873 4108 1940 4166 ld
1999 4110 2281 4193 er.l.l.p.
2305 4115 2399 4174 14.

288 4192 364 4248 22
388 4188 626 4262 Pullion.
651 4187 726 4245 cs.
749 4184 1005 4244 Boeckh.
1031 4185 1088 4243 in
1111 4182 1321 4241 Daubii
1345 4193 1402 4240 et
1428 4184 1701 4244 Creuzeri
1723 4182 2069 4263 Stud.-p.111
2092 4209 2151 4266 p.
2172 4193 2250 4250 87
2267 4209 2397 4269 sqq.
