3025 4925
909 414 1014 473 DE
1050 413 1181 472 Dm
1220 371 1512 474 NATALI
1553 416 1857 497 CAP.11.v
2344 424 2419 480 29

313 575 472 640 istos
532 575 1045 642 commutationis
1101 575 1420 667 speculari
1478 586 1545 647 et
1596 598 1829 645 arcana
1885 586 2155 645 naturae
2200 578 2420 648 rimari

312 690 609 779 potuerit,
651 711 842 756 nemo
884 691 1167 757 miretur.
1253 690 1417 758 haec
1460 692 1634 759 enim
1677 693 1978 782 frequens
2021 690 2419 763 medicorum

304 804 703 893 experientia
744 804 1037 894 pervidit,
1082 807 1190 895 qui
1235 829 1384 873 cum
1424 806 1660 873 multas
1701 806 2283 876 animadverterent
2311 832 2416 876 sc-

305 940 458 984 men
510 940 642 985 non
697 921 971 986 retinere
1029 929 1445 1011 conceptum,
1500 930 1880 1011 conpertum
1932 920 2294 989 habuerunt
2347 922 2418 990 id

255 1052 283 1091 ⁵
312 1031 488 1123 quod
537 1034 702 1098 intra
753 1057 873 1101 sex
927 1035 1062 1101 dies
1121 1046 1456 1124 septemve
1523 1036 1868 1104 eiciebatur
1923 1058 2068 1104 esse
2093 1039 2098 1042 ’
2120 1034 2418 1119 lacteum,

310 1156 379 1213 et
411 1156 810 1214 vocaverunt
850 1145 1141 1237 ἕκρυσιν,
1200 1151 1375 1241 quod
1432 1160 1661 1240 postea
1704 1127 1922 1217 autem
1975 1153 2417 1242 sanguineum,

304 1260 501 1351 idque
541 1259 913 1349 ἐκτρωσμὸς
953 1263 1326 1355 appellatur.
1417 1265 1612 1351 Quod
1653 1285 1811 1333 vero
1846 1265 2033 1333 ambo
2063 1275 2283 1355 partus
2318 1267 2415 1334 vi-
2443 1279 2512 1334 11

307 1374 539 1442 dentur
580 1377 837 1466 paribus
884 1378 1130 1446 dierum
1167 1380 1451 1447 numeris
1488 1381 1829 1460 contineri,
1872 1377 2277 1470 Pythagoras
2304 1381 2417 1458 ,in-

306 1510 533 1579 parem
585 1489 831 1574 laudat,
889 1502 1104 1561 tamen
1150 1517 1187 1560 a
1230 1504 1408 1562 secta
1460 1517 1593 1561 non
1647 1494 1985 1583 discrepat.
2072 1493 2199 1561 duo
2246 1497 2418 1562 enim

222 1620 283 1662 ιθ
306 1606 561 1695 inpares
611 1605 896 1675 CCVIIII
941 1617 1005 1674 et
1047 1606 1439 1676 CCLXXIII
1481 1607 1633 1675 dicit
1677 1606 1953 1698 expleri,
2011 1607 2093 1674 ad
2139 1631 2414 1700 quorum

300 1709 924 1790 consummationem
967 1720 1205 1814 aliquid
1248 1746 1333 1790 ex
1375 1721 1790 1814 sequentibus
1845 1722 2185 1805 accedere,
2240 1725 2415 1815 quod

301 1847 519 1905 tamen
575 1838 746 1905 diem
799 1837 1076 1904 solidum
1127 1860 1260 1905 non
1320 1840 1559 1905 afferat.
1654 1836 1862 1928 ⁸Cuius
1903 1838 2276 1927 exemplum
2315 1842 2522 1907 xri-12⁷

303 1953 532 2019 demus
577 1961 708 2018 tam
749 1954 816 2017 in
861 1953 1009 2017 anni
1065 1973 1259 2042 quam
1315 1952 1554 2018 mensis
1610 1952 1817 2041 spatio
1874 1974 2173 2020 servasse
2226 1964 2413 2022 natu-

303 2090 462 2148 ram,
504 2089 654 2133 eum
689 2073 754 2131 et
787 2065 1285 2154 anniimparem
1330 2064 1579 2131 dierum
1609 2073 2046 2133 trecentorum
2078 2071 2415 2159 sexaginta

213 2202 275 2244 ιε
309 2182 592 2271 quinque
633 2201 976 2247 numerum
1019 2178 1342 2269 aliquanto
1386 2178 1813 2277 cumulaverit
1855 2190 1921 2247 et
1952 2183 2161 2250 mensi
2205 2182 2414 2252 lunari

300 2295 384 2362 ad
426 2294 563 2363 dics
606 2294 1039 2384 undetriginta
1081 2292 1318 2385 aliquid
1363 2294 1693 2363 addiderit.

470 2408 611 2478 XII.
678 2410 822 2479 Nec
864 2432 1022 2477 vero
1064 2408 1435 2478 incredibile
1480 2419 1581 2477 est
1608 2410 1690 2478 ad
1713 2396 1968 2479 nostros
1994 2410 2240 2481 natales
2266 2436 2408 2482 mu·
2436 2422 2468 2475 1

245 2547 253 2554 ·
297 2527 500 2593 sicam
521 2527 858 2616 pertinere.
926 2522 1089 2592 haec
1130 2526 1300 2592 enim
1340 2526 1478 2592 sive
1508 2527 1577 2594 in
1610 2540 1777 2595 voce
1819 2528 2260 2595 tantummodo
2293 2541 2408 2613 est,

299 2651 373 2715 ut
415 2641 718 2709 Socrates
762 2642 867 2722 ait,
906 2642 1067 2721 sive,
1111 2649 1186 2707 ut
1223 2641 1670 2725 AristoxenuS‚
1711 2643 1776 2709 in
1813 2627 1981 2710 voce
2024 2652 2090 2709 et
2121 2645 2411 2734 corporis

211 2764 511 2837 ammom,
566 2756 703 2822 sive
744 2754 812 2820 in
853 2752 951 2820 his
998 2764 1064 2821 et
1104 2762 1438 2844 praeterea
1494 2755 1563 2821 in
1617 2756 1810 2823 animi
1851 2766 2061 2841 motu,
2116 2767 2189 2824 ut
2225 2768 2413 2850 putat
2501 2757 2512 2763 ⁸

299 2855 804 2960 Theophrastus,
848 2878 1023 2939 certe
1064 2867 1340 2936 multum
1382 2869 1632 2938 obtinet
1686 2870 2027 2938 divixfitatis
2073 2881 2138 2938 et
2181 2874 2406 2941 animis

293 2983 746 3075 permovendis
791 2982 1137 3074 plurimum
1181 2981 1374 3049 valet.
1460 2983 1632 3052 Nam
1673 2986 1793 3051 nisi
1847 2994 2030 3075 grata
2086 2995 2260 3052 esset
2301 2988 2400 3053 in-
2425 2994 2479 3047 2-

293 3076 667 3164 mortalibus
694 3097 848 3181 deis,
873 3100 981 3189 qui
1011 3120 1095 3165 ex
1122 3097 1333 3164 anima
1356 3106 1651 3165 constant
1690 3098 1920 3182 divina,
1950 3100 2239 3191 profecto
2268 3099 2403 3171 ludi

295 3212 533 3279 scenici
575 3210 1038 3302 placandorum
1094 3213 1362 3279 deorum
1416 3234 1637 3297 causa,
1665 3213 1934 3280 instituti
1984 3236 2115 3281 non
2171 3224 2408 3298 essent,

209 3355 270 3396 2⁵
295 3348 420 3394 nec
475 3326 707 3394 tibicen
775 3327 1068 3409 omnibus
1127 3325 1693 3418 supplicationibus
1760 3327 1825 3392 in
1887 3329 2085 3397 sacris
2142 3330 2405 3398 aedibus

86 3525 95 3531 ’
182 3590 191 3595 ,
292 3535 330 3590 9
352 3529 551 3588 laudet
629 3529 803 3587 (lues¹
853 3536 930 3589 10
949 3538 1008 3590 et
1029 3493 1375 3589 CCLfnssx
1440 3530 1515 3589 14
1537 3530 1862 3588 CCCXLV
1926 3535 2002 3591 23
2024 3543 2203 3592 const.
2218 3553 2289 3593 ex
2304 3553 2395 3594 an.

289 3729 320 3785 1
365 3724 568 3781 mirari
603 3722 732 3791 DR,
769 3692 978 3781 minari
1014 3722 1052 3790 l,
1090 3723 1297 3780 rixnwrt
1334 3721 1469 3780 edd.
1509 3731 1647 3780 vett.
1820 3728 1856 3782 3
1894 3715 2140 3801 pmtdet
2174 3726 2395 3802 DRgm,

285 3799 542 3878 providet
579 3799 617 3857 l.
797 3798 836 3856 4
874 3796 1165 3857 habuerint
1200 3797 1260 3856 ta
1295 3801 1356 3856 tn
1394 3797 1543 3875 quod
1578 3799 1652 3857 D.
1753 3828 1757 3833 ’
1839 3804 1876 3856 6
1915 3820 2206 3935 εκκιγοιῗ
2240 3803 2315 3861 D.

286 3881 327 3936 8
365 3879 635 3953 mpartom
672 3877 782 3952 Rg,
818 3878 1161 3953 inputa-entem
1199 3874 1238 3932 l.
1394 3819 1468 3934 ᾳ9
1506 3874 1699 3934 laudet
1734 3877 1861 3946 DR,
1902 3878 2100 3937 laudat
2136 3880 2213 3954 gl.

288 3958 358 4012 11
401 3959 682 4028 exequant.
723 3953 796 4009 D.
992 3957 1064 4011 19
1102 3954 1191 4009 νὴ
1226 3953 1387 4010 Soor.
1426 3952 1499 4009 D.
1664 3955 1928 4014 Artem.
1969 3956 2028 4011 in
2065 3955 2210 4012 libro
2252 3953 2389 4032 περὶ

284 4046 612 4120 μουσικνς..
627 4049 680 4088 v.
720 4029 931 4086 Mahne
955 4029 1029 4087 de
1049 4027 1221 4086 Arist.
1262 4048 1344 4118 p.
1348 4032 1460 4087 137
1478 4047 1607 4104 sqq.
1756 4035 1827 4089 21
1868 4029 2069 4101 theofr.
2110 4031 2182 4088 D.
2226 4032 2389 4092 ⁹-1’11e

284 4106 553 4183 plu-astus
595 4107 654 4165 in
694 4106 840 4164 libro
894 4101 1026 4181 περὶ
1074 4103 1408 4178 μουσικῆς,
1460 4104 1535 4162 de
1587 4125 1700 4183 quo
1745 4126 1792 4163 v.
1831 4107 2061 4183 Menag.
2104 4107 2183 4165 ad
2219 4107 2390 4186 Diog.

284 4185 354 4239 L.
383 4183 455 4252 V,
474 4186 568 4241 47.
687 4186 762 4242 25
799 4199 951 4242 sacr.
991 4179 1249 4239 omnibus
1291 4181 1600 4240 Cauchius,
