3025 4925
970 416 1442 478 FRAGMENw
1481 415 1653 475 CAP.
1676 420 1769 474 13.
2270 381 2274 385 ⁴
2348 417 2425 472 93

316 582 566 651 duabus
605 580 816 671 longis
857 587 926 647 et
966 578 1177 661 brevi,
1233 579 1418 646 cuius
1460 574 1834 665 exemplum
1874 571 2216 655 Latona3
2276 571 2427 640 huic

313 697 540 765 ordine
579 695 891 763 adversus
934 692 1411 785 palinbacchius
1458 712 1544 760 ex
1590 689 1768 758 brevi
1807 697 1875 757 et
1916 688 2166 756 duabus
2199 687 2432 777 longia,

305 822 386 879 ut
436 810 820 901 Aquinas3
889 809 1198 887 creticus,
1256 807 1364 896 qui
1420 815 1486 873 et
1539 804 2051 896 amphimacruS,
2103 824 2192 868 ex
2229 800 2426 891 longa

310 927 493 993 brevi
539 935 604 992 et
645 923 872 1015 longa,
927 933 999 991 ut
1040 921 1371 990 sanitas.
1472 920 1625 987 Duo
1666 920 1868 1007 pedes
1921 915 2124 983 habes
2173 916 2423 1006 quanti·-
2450 925 2509 990 6,

261 1066 292 1104 5
315 1050 449 1109 tate
491 1038 866 1120 contrarios,
909 1033 1445 1125 brachysyllabon
1488 1042 1556 1102 et
1576 1032 1930 1113 molosson,
1963 1053 2238 1122 quorum
2268 1030 2432 1098 altor

315 1156 511 1221 trium
554 1162 920 1244 temporum
964 1159 1080 1232 est,
1126 1148 1289 1216 alter
1329 1174 1484 1233 sex3
1538 1149 1763 1217 ordine
1805 1157 1937 1215 tres
1974 1148 2044 1215 in
2079 1147 2435 1239 quaternis,

317 1279 448 1336 tres
492 1269 556 1337 in
604 1268 810 1358 quinis
851 1263 1265 1355 temporibus,

807 1440 1001 1518 XIV.
1097 1465 1187 1513 DE
1241 1463 1582 1515 meamus
1637 1461 1957 1513 Nummus.

489 1591 746 1658 Primus
792 1599 892 1657 est
934 1598 1008 1656 et.
1039 1588 1361 1679 legitimus
1403 1589 1687 1657 maxime
1727 1580 2032 1657 numerus
2061 1584 2440 1653 hexameter

234 1726 301 1766 ω
324 1704 643 1773 heroicuS.
687 1703 876 1773 huius
920 1704 1121 1794 pedes
1168 1712 1280 1769 aut
1323 1702 1562 1792 dactyli
1605 1713 1754 1769 sunt
1796 1711 1910 1771 aut
1952 1699 2234 1792 spondii:
2286 1721 2432 1765 raro

318 1831 386 1889 et
425 1822 490 1887 in
533 1843 729 1889 versu
772 1829 1063 1889 extremo
1089 1819 1447 1908 reperietur
1477 1817 1836 1885 trochaeuS.
1881 1818 2018 1883 eius
2065 1811 2437 1904 exemplum

620 1934 785 2001 Avia
830 1930 1159 2000 Pieridum
1199 1955 1473 2025 peragro
1519 1932 1667 1999 loca
1700 1930 1936 1999 nullius
1984 1938 2150 1997 ante.

321 2059 495 2118 totus
548 2051 672 2115 iste
727 2045 1081 2136 dactylicus
1130 2046 1248 2114 suit
1301 2055 1365 2117 et
1416 2044 1639 2113 habuit
1677 2042 2005 2115 summum
2043 2040 2445 2110 trochaeum.

320 2163 440 2232 sed
482 2163 720 2230 mixtus
765 2185 853 2228 ex
892 2160 1178 2251 spondiis
1221 2159 1327 2227 hie
1371 2160 1507 2242 erit,

244 2308 300 2350 ιε
547 2304 557 2313 “
657 2275 902 2345 ltaliam
943 2276 1073 2343 fato
1118 2276 1428 2365 profugus
1471 2271 1871 2373 Laviniaque
1913 2276 2108 2355 venit,
2468 2296 2507 2349 2

321 2404 497 2463 totus
543 2416 628 2460 ex
670 2391 953 2484 spondiis

649 2507 845 2573 Cives
891 2503 1169 2573 Romani
1212 2515 1368 2573 tunc
1410 2507 1559 2573 sacti
1604 2515 1754 2572 sunt
1796 2504 2128 2596 Campani.

322 2623 451 2689 hoc
498 2643 703 2710 genus
745 2620 998 2687 numeri
1052 2619 1587 2709 paucissimarum
1640 2619 1982 2716 duodecim
2038 2616 2449 2708 syllabarum,

325 2734 746 2824 plurimarum
790 2734 1022 2801 decem
1065 2742 1131 2800 et
1173 2743 1339 2801 octo.
1404 2742 1701 2825 tempora
1740 2735 1967 2825 recipit
2007 2734 2231 2825 viginti
2261 2741 2446 2826 quat-

245 2872 305 2913 20
329 2856 507 2929 tuor,
565 2846 819 2914 interim
876 2846 1101 2938 viginti
1157 2847 1299 2912 tria.
1403 2846 1676 2938 pedibus
1729 2849 1929 2916 tribus
1985 2857 2233 2915 tantum
2290 2870 2448 2950 con-

325 3020 364 3073 2
404 3011 592 3070 ordini
785 3015 823 3069 3
865 3012 963 3088 qui
1006 3029 1116 3068 om.
1311 3011 1349 3070 4
1387 3010 1629 3069 Duobus
1681 3020 1740 3069 et
1790 3012 2106 3087 quantitate
2148 3010 2444 3068 contrariis

323 3089 763 3166 brachysyllabo
804 3098 863 3147 et
899 3089 1153 3146 molosso
1351 3094 1420 3147 11
1463 3088 1633 3145 huius
1837 3091 1911 3147 15
1951 3088 2287 3165 Lavinaque

327 3172 401 3227 19
443 3165 764 3223 octodecim

324 3325 363 3377 2
404 3318 604 3380 ordini⁴
625 3318 752 3376 DR.
797 3336 943 3373 corr.
983 3316 1221 3375 Santen.
1251 3315 1330 3373 ad
1352 3317 1591 3376 Terent.
1612 3316 1798 3374 Maur.
1867 3358 1881 3373 .
1905 3319 1999 3375 89.
2039 3314 2234 3374 ordine
2256 3335 2365 3376 om.
2385 3335 2443 3394 g.

326 3394 376 3437 et
416 3414 488 3454 ea·
525 3393 747 3454 duabus
782 3392 971 3469 lonyis
1007 3391 1064 3431 ἀ
1099 3393 1173 3451 D.
1382 3399 1418 3452 3
1459 3396 1556 3469 qui
1605 3414 1717 3450 om.
1757 3392 1811 3448 D
1924 3408 1938 3447 ε
1990 3400 2080 3451 est
2117 3392 2176 3450 in
2216 3411 2289 3450 m.

323 3474 363 3531 4
406 3470 632 3530 Duobes
669 3468 835 3530 babet
873 3471 1189 3545 quantitate
1226 3471 1549 3530 contrarios
1586 3470 1659 3539 D,
1700 3469 1853 3528 unde
1894 3466 2064 3526 effeci
2089 3471 2246 3546 quod
2267 3477 2443 3551 supi-'a

322 3549 515 3626 posui.
563 3544 779 3606 duobus
827 3544 898 3604 ab
958 3549 1271 3621 quantitate
1316 3549 1622 3606 contrariis
1657 3548 1740 3615 R,
1795 3544 2017 3604 duobnoe
2055 3564 2096 3605 α
2134 3550 2446 3623 quautam

324 3626 623 3683 contrariis
657 3641 715 3699 g.
832 3627 868 3681 5
907 3620 1328 3694 brachysynabo
1357 3623 1680 3683 etmalouo
1703 3623 1865 3700 DRg.
1985 3623 2021 3678 6
2060 3640 2132 3696 ex
2154 3623 2350 3681 ordine
2366 3623 2441 3683 D.

323 3699 574 3758 ordinem
609 3701 682 3757 R.
819 3704 856 3757 9
896 3706 1175 3756 eoeameter
1210 3699 1324 3776 Dg.
1463 3705 1530 3757 11
1576 3708 1823 3757 extrem-o
1862 3716 2029 3757 versu
2065 3700 2137 3757 R.
2253 3719 2445 3759 exem-

320 3776 477 3855 plum
513 3779 640 3835 eius
678 3795 734 3853 g.
879 3777 954 3833 12
991 3772 1144 3833 Avia
1182 3776 1412 3833 Lucret.
1441 3776 1482 3844 Ι,
1511 3780 1643 3835 925.
1672 3775 1772 3844 IV,
1803 3781 1855 3834 1.
1994 3793 2236 3853 paragra
2271 3778 2344 3834 R.

322 3857 399 3913 13
420 3846 696 3912 trocheum
712 3854 786 3917 D,
904 3854 977 3912 15
1000 3851 1161 3927 Virg.
1191 3856 1333 3910 Aen.
1357 3852 1399 3921 1,
1425 3855 1482 3911 2.
1593 3855 1923 3929 Lavinaque
1945 3852 2055 3927 Rg.
2173 3856 2247 3911 17
2270 3854 2442 3912 Ennii

321 3947 521 3987 versus
561 3928 821 3988 habetur.
1000 3932 1072 3987 19
1113 3928 1414 3987 octodecim
1451 3930 1524 3997 R,
1563 3932 1782 3988 XVIII
1818 3945 1874 4005 g.
1915 3927 2115 3985 Potius
2139 3931 2338 3997 XVII,
2378 3941 2442 3985 ut

321 4006 591 4063 Diomed.
630 4005 709 4061 111
746 4027 805 4085 p.
826 4005 959 4065 493.
1113 4008 1191 4064 20
1229 4008 1439 4063 interea
1477 4021 1591 4081 gm.
1633 4004 1907 4063 interdum
1943 4004 2178 4062 Putsch.
2220 4007 2441 4063 interim

317 4081 443 4149 def.-
486 4082 723 4139 Santen.
767 4081 844 4139 ad
883 4083 1123 4140 Terent.
1163 4082 1350 4139 Maur.
1436 4123 1451 4140 .
1489 4085 1626 4140 219.
1669 4080 1744 4138 cf.
1788 4100 1837 4138 c.
1872 4084 1926 4149 3,
1947 4087 2003 4138 9.
2046 4081 2238 4139 Hand.
2281 4083 2438 4140 Tur-

323 4158 453 4290 gelll.
483 4157 576 4290 gl
609 4159 830 4290 pil-427.
973 4160 1171 4234 viginti
1210 4167 1323 4218 troo
1361 4102 1491 4229 lfa,
1532 4161 1757 4216 XXIII
1791 4176 1847 4246 g.
1990 4155 2220 4235 pedibus
2257 4158 2442 4217 tribus

367 4253 400 4292 e
426 4277 440 4291 .
535 4253 643 4292 auc
685 4255 792 4292 ms.
1540 4259 1545 4266 ·
