3025 4925
916 391 1023 453 DE
1059 394 1191 453 DIE
1230 394 1524 454 NATALI
1566 396 1732 455 CAP.
1761 401 1816 454 1.
2382 401 2422 457 5

313 555 677 622 οείεηῑαιιῶ
730 565 883 623 voto
929 578 1059 624 non
1104 555 1240 654 fieri
1292 555 1627 646 praedico,
1687 579 1773 624 ne
1815 556 1881 626 in
1925 579 2064 638 me,
2118 565 2190 623 ut
2231 565 2418 624 vetus

311 668 612 759 adagium
653 679 771 752 est,
809 671 948 739 iure
993 669 1239 739 dicatur
1281 694 1414 738 sus
1448 669 1894 739 Minervam.
1980 671 2230 742 Verum
2268 694 2421 742 cum
2444 680 2484 736 8

313 790 425 850 tuo
468 782 730 852 conlatu
772 785 1005 853 scirem
1046 809 1153 854 me
1195 785 1381 878 plura
1424 784 1754 869 didicisse,
1801 809 1887 855 nc
1927 784 2249 856 beneficiis
2290 787 2417 853 tuis

310 897 566 965 viderer
601 899 913 989 ingratus,
954 911 1323 970 nostrorum
1364 909 1662 969 veterum
1694 902 2245 985 sanctissimorum
2294 899 2416 968 ho-

256 1029 285 1071 ⁵
314 1012 561 1080 minum
596 1013 897 1105 exempla
938 1038 1086 1082 sum
1128 1025 1410 1084 secutus.
1493 1017 1590 1086 mi
1642 1020 1815 1086 enim
1867 1016 2043 1109 quod
2095 1014 2416 1098 alimenta,
2439 1032 2478 1090 9

306 1128 600 1218 patriam,
639 1128 876 1211 lucem,
919 1152 993 1197 se
1038 1129 1313 1222 denique
1354 1132 1533 1221 ipsos
1567 1134 1840 1203 deorum
1878 1131 2049 1200 dono
2078 1128 2420 1213 habebant,

307 1266 394 1310 ex
437 1243 730 1311 omnibus
764 1242 1014 1336 aliquid
1056 1244 1191 1313 deis
1235 1245 1594 1330 sacrabant,
1624 1249 1830 1338 magis
1864 1246 2027 1316 adeo
2055 1254 2128 1314 ut
2162 1269 2236 1314 se
2263 1265 2412 1334 gra-

303 1366 405 1424 tos
450 1359 881 1449 approbarent
933 1367 1127 1451 quam
1180 1361 1357 1452 quod
1401 1363 1560 1429 deos
1604 1364 2058 1432 arbitrarentur
2095 1360 2222 1430 hoc
2246 1358 2411 1434 indi-

303 1494 476 1562 gere.
543 1474 761 1565 itaque
792 1497 943 1543 cum
973 1485 1399 1567 perceperant
1429 1477 1668 1566 fruges,
1701 1486 2045 1567 antequam
2067 1496 2413 1544 vesceren-
2441 1483 2514 1537 10

219 1616 284 1657 ιο
308 1595 412 1656 tur
454 1587 590 1656 deis
629 1587 831 1656 libare
861 1590 1287 1671 instituerunt,
1313 1599 1379 1657 et
1413 1613 1565 1658 cum
1594 1613 1784 1682 agros
1819 1599 2014 1682 atquo
2038 1589 2231 1662 urbes
2252 1589 2408 1662 deo-

294 1725 439 1771 rum
479 1725 747 1772 munere
788 1704 1212 1795 possiderent,
1250 1712 1503 1795 partem
1548 1705 1872 1796 quandam
1917 1702 2171 1796 templis
2199 1702 2408 1774 sacel-

293 1817 533 1910 lisque,
586 1819 696 1886 ubi
737 1842 851 1886 eos
896 1818 1214 1902 colerent,
1270 1818 1678 1890 dicaverunt:
1736 1817 1998 1912 quidam
2052 1818 2245 1886 etiam
2287 1841 2407 1910 pro

294 1943 510 2001 cetera
555 1935 839 2024 corporis
883 1934 1053 2001 bona
1093 1933 1460 2002 valetudine
1503 1934 1748 2002 crinem
1790 1933 1913 2000 deo
1958 1955 2215 2002 sacrum
2258 1956 2407 2024 pas-

297 2048 545 2118 cebant.
629 2046 725 2115 Ita
766 2069 911 2139 ego,
956 2072 996 2114 a
1040 2070 1168 2141 quo
1212 2047 1398 2139 plura
1438 2049 1505 2116 in
1525 2045 1762 2116 litteris
1786 2050 2068 2139 percepi,
2109 2047 2221 2118 tibi
2242 2045 2406 2115 haec
2434 2068 2502 2122 11

207 2186 271 2228 ιε
299 2162 537 2253 exigua
577 2161 777 2230 reddo
820 2161 1141 2232 libamina.
1230 2207 1237 2212 -
1897 2179 1903 2185 ·

458 2305 528 2373 Π.
616 2306 810 2375 Nunc
854 2307 1155 2397 quoniam
1197 2306 1356 2375 liber
1413 2307 1494 2376 de
1549 2307 1654 2376 die
1693 2281 1891 2374 *natali
1932 2306 2320 2390 inscribitur,
2365 2332 2403 2375 a
2433 2327 2462 2380 1

290 2423 458 2490 votis
505 2423 790 2514 auspicia
835 2429 1187 2489 sumantur.
1273 2422 1496 2516 Itaque
1532 2421 1743 2491 hunc
1789 2422 2032 2504 diem,
2100 2420 2275 2515 quod
2316 2424 2403 2490 ait

286 2537 582 2620 PersiuS,
640 2561 973 2607 numera
1017 2536 1351 2607 meliore
1394 2536 1718 2630 lapillo,
1770 2537 1964 2630 idque
2020 2560 2216 2631 quam
2254 2560 2400 2606 sae-

286 2763 327 2817 2
367 2759 513 2816 Cum
551 2775 687 2814 vero
821 2758 859 2814 8
900 2754 1043 2813 deos
1085 2755 1155 2811 iis
1197 2757 1318 2813 arb.
1361 2753 1479 2812 ind.
1627 2758 1700 2813 13
1741 2762 1849 2813 cet.
1892 2755 2045 2812 bona
2083 2777 2242 2838 corp.
2285 2760 2395 2818 val.

286 2840 361 2895 16
402 2853 572 2912 quon.
612 2832 689 2892 de
731 2831 825 2892 die
865 2840 984 2890 nat.
1027 2831 1173 2889 liber

284 3035 313 3090 1
358 3028 486 3103 fior-i.
520 3049 643 3090 non
678 3026 946 3108 praedico
983 3029 1059 3087 D.
1175 3032 1215 3086 2
1253 3026 1574 3101 miyayium
1607 3027 1680 3099 D,
1717 3027 1970 3104 elogium
2006 3029 2211 3089 erms
2225 3030 2392 3100 Alm„

280 3106 573 3182 cloquium
609 3126 665 3184 g.
721 3105 991 3181 Elogium
1027 3105 1249 3163 tristem
1296 3105 1638 3165 sententiam
1676 3107 1879 3184 paucis
1919 3105 2392 3185 comprehensam

281 3183 581 3260 sIgnificat,
619 3184 957 3263 praesertim
996 3181 1154 3261 apud
1177 3182 1486 3260 scriptores
1513 3183 1748 3241 serioris
1775 3183 2001 3243 aetatis.
2029 3182 2391 3245 V.Muncker.

281 3261 359 3318 ad
397 3261 662 3338 Fulgent.
700 3261 743 3328 1,
766 3265 819 3319 1.
861 3260 1060 3319 Vales.
1101 3258 1179 3316 ad
1214 3258 1397 3315 Amm.
1438 3258 1620 3317 Marc.
1661 3259 1816 3329 XIV,
1841 3262 1896 3326 5,
1918 3261 1974 3319 5.
2012 3259 2273 3319 Brisson.
2315 3260 2391 3319 de

279 3356 581 3483 {3225}ssss
595 3357 741 3472 ’.5.
780 3344 1251 3472 mmm&
1285 3353 1475 3489 ..Ἡ
1489 3340 1823 3491 ³5:35?AEss
1843 3335 2388 3492 530252‘2'15931-1540ss3:

281 3490 355 3560 V,
374 3496 468 3550 23.
509 3492 667 3551 Fest.
708 3510 755 3548 s.
796 3509 848 3548 v.
888 3508 993 3548 sus
1034 3492 1382 3548 Minervam.
1499 3507 1633 3548 vero
1662 3508 1792 3547 cum
1816 3489 1889 3547 D.
1930 3507 2064 3548 vero
2086 3509 2197 3547 om.
2221 3492 2385 3567 Rglr.

278 3572 316 3626 3
358 3569 571 3627 collato
608 3585 797 3625 sectam
832 3586 918 3624 ms
939 3566 1142 3624 Ahnel.
1183 3567 1446 3625 sentirem
1468 3565 1507 3623 l.
1621 3565 1801 3643 plura
1822 3566 1901 3624 cf.
1924 3564 2079 3634 1‚11.
2197 3567 2237 3626 4
2274 3586 2386 3626 ao-

271 3651 463 3702 strum
498 3644 577 3703 la.
695 3646 731 3703 5
753 3645 855 3718 qui
880 3644 963 3700 al.
982 3663 1069 3703 ms
1090 3643 1235 3703 Alm.
1354 3647 1390 3700 6
1413 3646 1664 3720 pristiam
1683 3662 1738 3719 g,
1783 3650 2043 3720 pateram
2079 3663 2166 3701 ms
2178 3642 2384 3703 Almel.

272 3721 545 3796 suamque
581 3740 637 3796 g.
794 3719 942 3778 dono
981 3720 1215 3777 deorum
1251 3720 1362 3795 Rg.
1536 3724 1574 3779 7
1613 3719 1733 3778 dcis
1771 3739 1883 3778 om.
1924 3719 1963 3777 l.
2080 3717 2384 3793 saci-fico·
2425 3756 2431 3775 .

276 3796 414 3856 baut
449 3818 495 3855 r.
612 3813 675 3854 se
707 3803 973 3871 yrsflatos
992 3796 1066 3854 D.
1184 3799 1222 3853 8
1261 3814 1434 3871 quam
1470 3798 1573 3872 qui
1606 3814 1663 3872 g.
1769 3794 1921 3872 quod
1953 3794 2069 3854 «ms
2109 3796 2196 3872 (in
2237 3794 2381 3868 ras.)

272 3873 380 3932 boc
416 3874 797 3935 arbita-amur
843 3871 1025 3948 indeq.
1078 3872 1154 3930 D.
1346 3878 1383 3932 9
1429 3875 1776 3949 perceperint
1813 3893 1861 3931 r.
2043 3879 2384 3947 anteaquam

273 3951 391 4009 lms
405 3951 611 4011 Almel.
767 3957 1135 4017 nascerentur
1174 3968 1233 4025 g.
1395 3954 1471 4008 10
1507 3948 1741 4009 deorum
1776 3967 2003 4008 mauors
2039 3967 2151 4006 om.
2190 3948 2265 4006 R.

273 4032 348 4085 12
369 4028 629 4088 dicavere
647 4026 1048 4105 glrmsAhnel.
1164 4031 1238 4087 16
1260 4024 1537 4084 scribitur
1561 4024 1639 4083 la.
1757 4029 1831 4084 17
1851 4027 2005 4101 noas
2029 4045 2077 4083 r.
2174 4043 2381 4083 sunta-

269 4111 368 4163 tur
390 4105 465 4164 D.
580 4105 748 4167 hodie
783 4104 931 4165 diem
966 4124 1053 4163 ms
1081 4103 1240 4183 apud
1259 4102 1460 4162 Barth.
1484 4100 1662 4162 Advv.
1684 4101 1890 4172 XVIII,
1912 4102 2005 4162 14.
2136 4105 2210 4162 18
2236 4105 2380 4163 Per-

266 4183 397 4241 sius
436 4182 513 4242 cs.
550 4182 620 4252 11,
649 4188 679 4242 1
706 4202 795 4261 sq.
934 4199 1172 4241 munera
1206 4201 1264 4259 g.
