3025 4925
642 377 720 432 96
1296 377 1767 439 FRAGMENTI
1807 380 1974 440 CAP.
2004 385 2096 442 14.

639 532 834 602 hahet
873 535 1097 602 vitium
1137 537 1205 602 in
1244 539 1431 605 tertia
1475 538 1741 629 syllaba.
1827 544 2038 611 minor
2081 554 2187 615 eei

1056 650 1400 721 Metuentis
1440 664 1717 743 patruae
1757 657 2026 725 verbera
2064 658 2344 750 linguae.

641 766 1004 859 percipiunt
1029 768 1230 859 pedes
1263 770 1547 836 maxime
1582 769 2020 860 pyrrhichium
2064 783 2132 841 et
2165 772 2493 864 spondios,
2537 784 2604 842 et
2644 797 2757 843 so-

639 882 775 950 lent
819 882 1036 949 divisis
1076 882 1338 974 syllabis
1382 882 1592 975 longis
1636 885 1917 975 plurium
1957 887 2352 978 syllabarum
2391 889 2594 978 pedes
2639 890 2758 958 ad-

590 1014 616 1054 5
643 1000 913 1066 mittere.
999 997 1487 1089 Aristophanius
1531 1004 1918 1090 anapaestus
2662 1054 2669 1059 .

725 1115 956 1181 Axena
977 1114 1170 1181 Ponti
1196 1136 1313 1204 per
1333 1115 1497 1181 freta
1526 1114 1807 1182 Colchos
1837 1115 2112 1208 denique
2142 1118 2389 1187 delatus
2416 1118 2696 1187 adhaesi.

639 1230 868 1318 recipit
908 1227 1109 1318 pedes
1154 1238 1611 1318 quaternorum
1655 1238 2017 1321 temporum
2075 1253 2328 1317 omnes,
2379 1235 2584 1324 inplet
2637 1258 2759 1324 pe-

642 1345 757 1413 des
799 1341 918 1412 VII
955 1353 1020 1410 et
1060 1344 1472 1433 semipedem.
1561 1347 1966 1435 Anapaestus
2005 1349 2373 1415 octonarius

725 1460 890 1527 Orte
926 1457 1115 1526 beato
1160 1456 1432 1541 lumine,
1475 1458 1751 1527 volitans
1793 1461 1903 1551 qui
1942 1482 2061 1551 per
2101 1462 2356 1531 caelum
2402 1462 2714 1532 candidus

561 1598 617 1640 ιο
1606 1574 1883 1665 equitas,

638 1693 864 1783 recipit
906 1689 1172 1758 eosdem
1212 1689 1411 1780 pedes
1452 1698 1712 1779 praeter
1751 1690 2166 1781 semipedem.
2252 1692 2678 1763 Aristobolius

724 1806 1063 1894 Quaedam
1108 1802 1399 1872 terribilis
1445 1813 1558 1871 tua
1599 1812 1865 1895 pectora
1912 1806 2179 1875 turbam
2221 1806 2496 1875 terrifico
2541 1809 2760 1877 sonitu

1610 1917 1856 2009 inpulit.

641 2041 695 2109 is
740 2037 1040 2107 circuitus
1082 2034 1288 2124 magis
1344 2057 1539 2124 quam
1593 2057 1819 2102 versus
1866 2042 1980 2100 est.
2070 2033 2400 2126 dactylum
2458 2038 2761 2106 crebrum

565 2169 614 2210 ¹⁵
641 2154 853 2236 habet,
896 2172 1114 2219 rarum
1153 2147 1514 2238 spondium.
1602 2148 1825 2215 Paeon
1873 2146 2301 2218 duodenarius

727 2267 889 2354 Quis
920 2287 1137 2332 meum
1171 2264 1506 2330 nominans
1544 2285 1781 2330 nomen
1814 2265 1978 2330 aede
2013 2264 2271 2331 exciet?
2308 2268 2450 2358 quis
2474 2268 2760 2338 tumultu

1613 2380 1921 2444 invocans
1946 2378 2303 2446 incolarum
2330 2380 2569 2450 fidem?

640 2512 706 2570 et
745 2499 847 2566 hic
892 2497 1191 2565 circuitus
1237 2493 1441 2584 magis
1489 2514 1684 2582 quam
1728 2516 1954 2560 versus
2000 2504 2116 2561 est.
2182 2494 2332 2564 huic
2366 2497 2416 2583 Ἰ·
2447 2498 2758 2567 suberunt

638 2615 933 2684 denarius

639 2822 668 2877 1
716 2826 805 2876 est
844 2834 954 2875 om.
1063 2817 1102 2873 7
1125 2823 1462 2894 temporum,
1506 2815 1691 2870 omnis
1787 2818 1823 2873 9
1863 2813 1985 2873 Ore
2080 2819 2158 2874 12
2183 2817 2374 2873 turbat
2469 2816 2753 2874 13intulit

638 2897 714 2955 14
750 2894 847 2950 hie
884 2891 1151 2950 circuitus
1271 2896 1343 2949 16
1384 2891 1534 2949 aede
1571 2910 1681 2949 om.
1797 2891 2095 2948 tumultum
2212 2897 2287 2950 18
2325 2894 2545 2951 suberit

636 3092 875 3149 Santen.
892 3089 970 3148 ad
992 3088 1328 3148 Terentian.
1354 3087 1539 3144 Maur.
1562 3107 1623 3164 p.
1646 3092 1777 3146 120.
1802 3087 2011 3145 Verius
2032 3086 2269 3145 Lachm.
2309 3087 2402 3146 ³110
2422 3088 2562 3147 ictu'
2598 3096 2749 3149 rotro

633 3167 864 3227 reccidit
898 3170 960 3224 in
998 3173 1186 3223 notem
1221 3166 1486 3241 minus.
1527 3166 1608 3221 ita
1647 3175 1892 3255 apparet
1926 3166 2131 3222 vitium
2169 3166 2230 3221 in
2261 3167 2433 3222 tertia
2469 3165 2706 3236 syllaba.

634 3249 667 3303 1
707 3247 918 3303 minore
953 3243 1120 3318 ng,
1159 3244 1342 3299 minor
1364 3241 1439 3298 R.
1478 3240 1695 3298 Addich
1719 3248 1821 3298 est.
1939 3245 1979 3299 2
2018 3242 2220 3300 Horat.
2261 3260 2434 3302 carm.
2460 3242 2556 3309 111,
2577 3247 2668 3310 12,
2690 3249 2747 3302 1.

632 3323 860 3399 pomae
895 3320 1061 3395 DRg.
1242 3321 1280 3375 3
1317 3319 1632 3395 percipiunt
1670 3317 1893 3392 linguae
1904 3316 2090 3452 ⁶podes
2125 3318 2199 3376 R.
2375 3321 2651 3395 recipiunt
2687 3330 2747 3378 et

705 3395 907 3456 ondion
949 3392 1332 3454 scribendum.
1489 3394 1528 3451 4
1567 3393 1742 3451 divisi
1777 3394 1852 3461 D,
1941 3395 2141 3452 werck
2178 3412 2234 3470 g.
2387 3394 2637 3471 plurium
2675 3397 2747 3464 R,

632 3416 935 3553 ffurimum
971 3473 1054 3541 D,
1143 3471 1476 3529 latinianum
1513 3488 1569 3545 g.
1724 3474 1765 3529 7
1805 3473 1988 3528 omnis
2024 3470 2189 3546 DRg.
2345 3475 2382 3531 9
2428 3472 2544 3532 Ore
2578 3472 2745 3549 DRg.

632 3548 849 3610 Phoebo
883 3551 1035 3607 coni.
1130 3548 1272 3605 elrio
1311 3554 1459 3622 synt.
1499 3555 1646 3622 trag.
1684 3566 1744 3625 p.
1768 3550 1900 3606 188.
1939 3550 2092 3605 Horo
2115 3546 2287 3606 Both.
2314 3548 2417 3608 frr.
2442 3556 2591 3624 trag.
2613 3549 2747 3614 Lat.

633 3649 694 3708 p.
717 3630 850 3686 282.
899 3628 1037 3686 Orte
1071 3623 1425 3683 Lachmann.
1621 3628 1689 3681 11
1745 3621 2107 3682 Archobulius
2157 3625 2309 3683 coni.
2348 3624 2479 3682 Nic.
2529 3626 2746 3686 Loens.

631 3703 830 3785 epiph.
855 3705 928 3773 V,
950 3707 1006 3762 8.
1047 3710 1233 3792 reete.
1363 3704 1474 3793 ,12
1514 3701 1673 3771 Quae
1708 3706 1825 3758 tam
1874 3700 2023 3758 coni.
2062 3700 2234 3759 Both.
2272 3701 2375 3760 frr.
2427 3710 2572 3777 trag.
2613 3702 2745 3764 Lat.

632 3804 707 3918 ¹1³3
717 3784 936 3916 2332·th
971 3856 1083 3932 Rg.
1193 3776 1292 3911 13⁸4
1303 3783 1422 3911 Ἐ
1456 3795 1726 3911 {iconius
1754 3794 1880 3909 Dra
1916 3795 2039 3911 01116
2070 3777 2747 3930 {mmrgoethRgam

631 3956 744 3993 om.
784 3936 950 4012 DRg.
992 3930 1130 3990 add.
1169 3929 1520 3987 Lachmann.
1654 3932 2054 4005 avos-quumvis
2090 3949 2151 4006 g.
2186 3932 2445 4008 quami·
2480 3931 2745 4007 Scaliger

632 4013 896 4069 coniectt.
930 4030 990 4089 p.
1014 4015 1108 4069 90.
1303 4005 1599 4063 tantulum
1636 4006 1802 4082 DRg.
1843 4005 2088 4064 tumnultu
2128 4009 2275 4065 coni.
2316 4006 2583 4083 Scaliger
2619 4008 2659 4066 1.
2700 4008 2740 4067 1.

629 4087 801 4146 Both.
825 4088 932 4145 frr.
948 4098 1095 4162 trag.
1119 4085 1249 4142 Lat.
1289 4103 1351 4160 p.
1370 4086 1505 4141 278.
1546 4082 1636 4139 Ex
1672 4084 2034 4159 nyctegresia
2071 4092 2359 4162 sumptum
2396 4093 2562 4162 putat
2590 4085 2738 4144 Sca-

631 4165 778 4238 liger
803 4165 840 4220 Ι.
869 4165 907 4220 l.
1028 4169 1100 4220 19
1141 4160 1426 4230 ‹lamo-tue,
1466 4160 1518 4215 si
1558 4177 1783 4217 versum
1819 4159 2171 4218 Paeonieum
2208 4160 2457 4239 pedibus
2498 4160 2739 4237 disylla-
