3025 4925
612 432 727 469 xlv
1348 414 1963 474 PROLEGOMENA.

612 600 787 672 quae
840 582 1186 675 excipiunt
2999 303 3009 696 1

685 729 750 801 p.
781 707 905 797 46,
936 708 1032 780 14
1085 713 1199 782 ait
1240 710 1433 781 enim
1473 716 1889 805 temporum
1943 720 2098 783 cett.
2128 713 2453 806 usquead
2498 711 2719 784 finem.

614 833 755 905 Iam
806 834 970 906 illud
1034 845 1224 908 recte
1285 835 1621 908 intellexit
1676 836 1958 927 Carrio,
2031 838 2191 911 folia
2255 839 2366 909 illa
2428 862 2494 934 p.
2527 839 2724 929 35.9

614 960 930 1050 -46‚13
987 973 1054 1033 et
1104 987 1168 1059 p.
1201 963 1470 1053 17‚8-
1501 964 1701 1053 35‚9
1755 966 2262 1062 transponenda
2306 987 2490 1057 esse,
2545 989 2726 1040 con-

612 1089 1033 1184 fusionisque
1089 1111 1363 1162 causam
1415 1090 1593 1162 haud
1639 1091 2148 1187 improbabilem
2195 1096 2456 1166 invenit
2489 1093 2562 1165 in'
2605 1117 2723 1168 vv.

614 1218 727 1289 ait
756 1219 992 1306 enim;
1048 1217 1318 1312 scripsit
1355 1219 1535 1288 enim
1579 1217 1793 1291 altero
1835 1219 1989 1293 loco
2034 1243 2098 1316 p.
2131 1220 2254 1306 35,
2280 1221 2358 1291 9:
2416 1243 2726 1318 coquos-

614 1365 781 1416 cere
834 1345 1090 1418 datur.
1143 1348 1257 1418 ait
1303 1348 1498 1417 enim
1549 1349 1628 1418 in
1676 1350 1927 1443 prima
1976 1347 2453 1436 hebdomade,
2508 1349 2724 1421 altero

610 1481 839 1543 autem
891 1496 957 1568 p.
1005 1471 1132 1562 46,
1173 1471 1305 1544 131
1362 1475 1829 1572 frequentes.
1879 1471 1992 1547 At
2039 1478 2234 1547 enim
2288 1483 2722 1571 temporum.

466 1683 478 1695 ι
615 1598 876 1682 Verum
926 1622 1066 1671 non
1102 1601 1480 1694 perspexit,
1519 1600 1647 1673 hac
1685 1603 1950 1676 ratione
1984 1623 2133 1674 rem
2170 1602 2471 1675 nondum
2519 1624 2727 1697 pror-

613 1748 729 1800 sus
786 1749 945 1800 esse
997 1737 1448 1824 persanatam.
1551 1728 1785 1823 Itaque
1829 1733 2113 1825 primum
2158 1728 2375 1802 verba
2415 1729 2507 1801 de
2548 1751 2729 1802 con—

606 1856 1028 1951 firmatione
1080 1863 1334 1928 autem
1381 1864 1658 1951 partus
1710 1857 1939 1930 nihilo
1980 1861 2256 1943 minus,
2312 1878 2487 1950 qnae
2526 1855 2724 1929 codd.

611 1978 834 2076 p217,
864 1983 908 2054 7
966 1991 1203 2056 contra
1256 2001 1536 2057 sensum
1587 1984 1865 2075 addunt,
1920 1982 2202 2075 delevit,
2255 1982 2540 2055 alterum
2592 2006 2726 2054 au-

611 2118 745 2180 tem
800 2110 1023 2182 locum
1074 2134 1138 2205 p.
1170 2110 1363 2199 14‚6
1416 2113 1527 2203 qui
1579 2113 1671 2182 ita
1723 2113 1793 2182 in
1845 2112 2043 2184 codd.
2095 2111 2377 2204 legitur:

765 2237 1010 2310 visum
1061 2244 1199 2309 est.
1309 2231 1521 2321 Quae
1587 2235 1958 2311 dissensio
2024 2238 2322 2339 definite
2389 2260 2473 2309 se
2526 2240 2727 2309 scire

611 2359 1021 2436 Alcmaeon
1085 2367 1483 2462 confessus
1552 2372 1671 2438 est
1686 2418 1712 2454 ,
1788 2375 2012 2440 ratus
2074 2369 2437 2440 neminem
2500 2387 2727 2462 posse

609 2496 1041 2588 perspicere
1094 2492 1279 2590 qnid
1321 2494 1651 2588 primum
1696 2496 1775 2565 in
1826 2497 2123 2593 infante
2168 2499 2551 2593 formetur

610 2622 702 2691 ita
757 2620 1168 2694 emendasse
1236 2618 1364 2692 sibi
1429 2623 1623 2693 visus
1678 2631 1818 2712 est,
1884 2626 1943 2696 si
1995 2644 2114 2696 vv.
2171 2621 2355 2721 quid
2398 2623 2729 2716 primum

607 2753 687 2821 in
738 2752 1035 2845 infante
1082 2751 1468 2844 formetur
1529 2748 1832 2839 deleret,
1906 2753 2097 2845 quasi
2166 2749 2413 2821 lemma
2464 2745 2725 2834 inutile,

611 2887 680 2951 et
727 2900 854 2974 pro
894 2899 1013 2949 vv.
1051 2899 1242 2975 quae
1284 2873 1656 2949 dissensio
1699 2874 2035 2950 scriberet
2076 2899 2267 2975 qutce
2316 2874 2728 2948 disserens.

609 3005 804 3078 Haec
841 3024 1035 3099 quam
1074 3006 1209 3079 sint
1253 3002 1464 3074 futilia
1506 3026 1644 3075 non
1687 3024 1857 3101 opus
1894 3014 1998 3078 est
2040 3026 2344 3076 monere.
2439 3002 2528 3073 Et
2563 2999 2728 3070 illud

612 3133 880 3229 quidem
958 3134 1177 3204 statim
1243 3131 1428 3220 vidi.
1494 3153 1612 3203 vv.
1700 3132 1791 3204 de
1854 3134 2408 3231 confirmatione
2472 3136 2726 3201 autem

604 3268 886 3358 partus
937 3258 1167 3331 nihilo
1219 3260 1508 3345 minus,
1565 3281 1739 3353 quae
1792 3281 1856 3354 p.
1888 3258 2080 3347 17‚7
2131 3256 2305 3329 ferri
2357 3276 2498 3329 non
2549 3277 2725 3352 pos-

612 3397 789 3476 sunt,
842 3387 1066 3458 locum
1123 3407 1312 3458 suum
1369 3383 1626 3457 hahere
1679 3408 1744 3480 p.
1788 3385 1983 3474 14‚6
2041 3396 2107 3457 et
2159 3384 2517 3457 retinenda
2569 3405 2726 3456 esse
3015 3388 3016 3483 l

607 3536 726 3589 vv.
783 3513 966 3613 quid
1008 3516 1335 3610 primum
1396 3517 1477 3585 in
1528 3515 1823 3609 infante
1880 3515 2301 3610 formetur.-
2373 3512 2501 3585 sed
2566 3530 2727 3581 mo·-

607 3643 871 3715 lestiam
906 3640 1062 3712 mihi
1105 3651 1424 3714 crearunt
1464 3662 1583 3713 vv.
1624 3662 1816 3738 quae
1855 3639 2250 3727 dissensio,
2290 3638 2529 3734 quibus
2574 3636 2730 3733 quid

611 3770 999 3844 faciendum
1058 3779 1245 3843 esset
1300 3770 1577 3863 assequi
1609 3790 1748 3840 non
1782 3770 1989 3864 potui.
2071 3768 2243 3838 Tum
2286 3788 2461 3839 vero
2504 3765 2734 3838 docuit

609 3922 720 3971 me
773 3898 1071 3971 Lachm
1097 3919 1360 3970 annus
1414 3895 1591 3969 haec
1626 3895 1845 3969 verba
1887 3899 2236 3992 pertinere
2277 3895 2363 3967 ad
2397 3916 2462 3991 p.
2490 3890 2731 3982 46‚13

614 4038 681 4100 et
734 4025 1133 4122 reponenda
1190 4047 1348 4099 esse
1424 4022 1539 4094 ubi
1595 4022 1836 4096 Carrio
1910 4021 2086 4095 haud
2140 4031 2331 4095 recte
2395 4028 2479 4094 at
2537 4023 2733 4092 enim

612 4157 855 4250 posuit.
964 4154 1052 4224 Et
1112 4156 1245 4224 iam
1310 4155 1511 4226 totius
1579 4149 2001 4225 confusionis
2065 4153 2237 4222 ratio
2301 4158 2538 4245 aperta
2605 4157 2729 4221 est.

379 3587 418 3610 p
