<?xml version="1.0" encoding="UTF-8"?>
<!DOCTYPE html PUBLIC "-//W3C//DTD XHTML 1.0 Transitional//EN"
    "http://www.w3.org/TR/xhtml1/DTD/xhtml1-transitional.dtd">
<html xmlns="http://www.w3.org/1999/xhtml" xml:lang="en" lang="en">
 <head>
  <title>
</title>
<meta http-equiv="Content-Type" content="text/html;charset=utf-8" />
  <meta name='ocr-system' content='tesseract 3.04.00' />
  <meta name='ocr-capabilities' content='ocr_page ocr_carea ocr_par ocr_line ocrx_word'/>
</head>
<body>
  <div class='ocr_page' id='page_1' title='image "./censorinidedien00jahngoog_0009.png"; bbox 0 0 3025 4925; ppageno 0'>
   <div class='ocr_carea' id='block_1_1' title="bbox 845 1205 1879 1294">
    <p class='ocr_par' dir='ltr' id='par_1_1' title="bbox 845 1205 1879 1294">
     <span class='ocr_line' id='line_1_1' title="bbox 845 1205 1879 1294; baseline 0 0"><span class='ocrx_word' id='word_1_1' title='bbox 845 1205 1879 1294; x_wconf 72' lang='lat' dir='ltr'><strong>PROLEGOMENA.</strong></span> 
     </span>
    </p>
   </div>
   <div class='ocr_carea' id='block_1_2' title="bbox 296 1419 2408 1806">
    <p class='ocr_par' dir='ltr' id='par_1_2' title="bbox 296 1419 2408 1806">
     <span class='ocr_line' id='line_1_2' title="bbox 299 1419 2408 1552; baseline 0.003 -26"><span class='ocrx_word' id='word_1_2' title='bbox 299 1419 767 1529; x_wconf 68' lang='lat' dir='ltr'><strong>Censorinus</strong></span> <span class='ocrx_word' id='word_1_3' title='bbox 832 1479 966 1551; x_wconf 80' lang='lat' dir='ltr'><strong>quo</strong></span> <span class='ocrx_word' id='word_1_4' title='bbox 1030 1464 1342 1550; x_wconf 89' lang='lat' dir='ltr'><strong>tempore</strong></span> <span class='ocrx_word' id='word_1_5' title='bbox 1404 1456 1662 1528; x_wconf 78' lang='lat' dir='ltr'><strong>vixerit</strong></span> <span class='ocrx_word' id='word_1_6' title='bbox 1745 1478 1884 1528; x_wconf 89' lang='lat' dir='ltr'><strong>non</strong></span> <span class='ocrx_word' id='word_1_7' title='bbox 1947 1467 2178 1552; x_wconf 90' lang='lat' dir='ltr'><strong>potest</strong></span> <span class='ocrx_word' id='word_1_8' title='bbox 2243 1482 2408 1533; x_wconf 87' lang='lat' dir='ltr'><strong>esse</strong></span> 
     </span>
     <span class='ocr_line' id='line_1_3' title="bbox 296 1579 2407 1677; baseline 0 -21"><span class='ocrx_word' id='word_1_9' title='bbox 296 1584 595 1674; x_wconf 89' lang='lat' dir='ltr'><strong>dubium,</strong></span> <span class='ocrx_word' id='word_1_10' title='bbox 650 1605 801 1655; x_wconf 88' lang='lat' dir='ltr'><strong>cum</strong></span> <span class='ocrx_word' id='word_1_11' title='bbox 858 1584 1012 1677; x_wconf 88' lang='lat' dir='ltr'><strong>ipso</strong></span> <span class='ocrx_word' id='word_1_12' title='bbox 1062 1581 1283 1653; x_wconf 84' lang='lat' dir='ltr'><strong>tradat</strong></span> <span class='ocrx_word' id='word_1_13' title='bbox 1342 1579 1588 1652; x_wconf 87' lang='lat' dir='ltr'><strong>librum</strong></span> <span class='ocrx_word' id='word_1_14' title='bbox 1662 1580 1748 1654; x_wconf 90' lang='lat' dir='ltr'><strong>de</strong></span> <span class='ocrx_word' id='word_1_15' title='bbox 1800 1581 1913 1655; x_wconf 91' lang='lat' dir='ltr'><strong>die</strong></span> <span class='ocrx_word' id='word_1_16' title='bbox 1964 1585 2171 1656; x_wconf 87' lang='lat' dir='ltr'><strong>natali</strong></span> <span class='ocrx_word' id='word_1_17' title='bbox 2225 1609 2407 1658; x_wconf 92' lang='lat' dir='ltr'><strong>con-</strong></span> 
     </span>
     <span class='ocr_line' id='line_1_4' title="bbox 296 1706 2404 1806; baseline 0 -22"><span class='ocrx_word' id='word_1_18' title='bbox 296 1714 618 1806; x_wconf 85' lang='lat' dir='ltr'><strong>scriptum</strong></span> <span class='ocrx_word' id='word_1_19' title='bbox 694 1732 859 1783; x_wconf 87' lang='lat' dir='ltr'><strong>esse</strong></span> <span class='ocrx_word' id='word_1_20' title='bbox 938 1707 1346 1805; x_wconf 79' lang='lat' dir='ltr'><strong>olympiadis</strong></span> <span class='ocrx_word' id='word_1_21' title='bbox 1427 1706 1744 1781; x_wconf 82' lang='lat' dir='ltr'><strong>CCLIIII</strong></span> <span class='ocrx_word' id='word_1_22' title='bbox 1829 1732 2014 1783; x_wconf 79' lang='lat' dir='ltr'><strong>anuo</strong></span> <span class='ocrx_word' id='word_1_23' title='bbox 2095 1713 2404 1786; x_wconf 88' lang='lat' dir='ltr'><strong>secundo</strong></span> 
     </span>
    </p>
   </div>
   <div class='ocr_carea' id='block_1_3' title="bbox 270 1835 2402 4220">
    <p class='ocr_par' dir='ltr' id='par_1_3' title="bbox 270 1835 2402 4220">
     <span class='ocr_line' id='line_1_5' title="bbox 293 1835 2400 1933; baseline 0 -24"><span class='ocrx_word' id='word_1_24' title='bbox 293 1837 401 1933; x_wconf 83' lang='lat' dir='ltr'><strong>(p.</strong></span> <span class='ocrx_word' id='word_1_25' title='bbox 435 1836 563 1928; x_wconf 85' lang='lat'><strong>56,</strong></span> <span class='ocrx_word' id='word_1_26' title='bbox 592 1838 678 1929; x_wconf 90' lang='grc'><strong>6)</strong></span> <span class='ocrx_word' id='word_1_27' title='bbox 734 1840 889 1910; x_wconf 85' lang='lat' dir='ltr'><strong>sive</strong></span> <span class='ocrx_word' id='word_1_28' title='bbox 930 1836 1129 1931; x_wconf 88' lang='lat' dir='ltr'><strong>Ulpio</strong></span> <span class='ocrx_word' id='word_1_29' title='bbox 1186 1844 1253 1907; x_wconf 90' lang='lat' dir='ltr'><strong>et</strong></span> <span class='ocrx_word' id='word_1_30' title='bbox 1283 1835 1622 1907; x_wconf 78' lang='lat' dir='ltr'><strong>Pontiano</strong></span> <span class='ocrx_word' id='word_1_31' title='bbox 1675 1858 1910 1908; x_wconf 90' lang='lat' dir='ltr'><strong>conss.</strong></span> <span class='ocrx_word' id='word_1_32' title='bbox 1965 1836 2077 1933; x_wconf 79' lang='lat' dir='ltr'><strong>[p.</strong></span> <span class='ocrx_word' id='word_1_33' title='bbox 2110 1838 2400 1930; x_wconf 75' lang='lat'><strong>63,16)</strong></span> 
     </span>
     <span class='ocr_line' id='line_1_6' title="bbox 287 1958 2402 2056; baseline 0 -22"><span class='ocrx_word' id='word_1_34' title='bbox 287 1966 332 2034; x_wconf 91' lang='lat' dir='ltr'><strong>i.</strong></span> <span class='ocrx_word' id='word_1_35' title='bbox 390 1987 451 2035; x_wconf 90' lang='lat' dir='ltr'><strong>e.</strong></span> <span class='ocrx_word' id='word_1_36' title='bbox 506 1963 593 2035; x_wconf 89' lang='lat' dir='ltr'><strong>ab</strong></span> <span class='ocrx_word' id='word_1_37' title='bbox 647 1987 713 2033; x_wconf 87' lang='lat' dir='ltr'><strong>u.</strong></span> <span class='ocrx_word' id='word_1_38' title='bbox 770 1987 829 2036; x_wconf 91' lang='lat' dir='ltr'><strong>c.</strong></span> <span class='ocrx_word' id='word_1_39' title='bbox 882 1959 1389 2050; x_wconf 88' lang='lat' dir='ltr'><strong>DCCCCXCI,</strong></span> <span class='ocrx_word' id='word_1_40' title='bbox 1440 1985 1505 2056; x_wconf 90' lang='lat' dir='ltr'><strong>p.</strong></span> <span class='ocrx_word' id='word_1_41' title='bbox 1549 1958 1710 2032; x_wconf 85' lang='lat' dir='ltr'><strong>Chr.</strong></span> <span class='ocrx_word' id='word_1_42' title='bbox 1764 1984 1830 2033; x_wconf 87' lang='lat' dir='ltr'><strong>n.</strong></span> <span class='ocrx_word' id='word_1_43' title='bbox 1871 1960 2402 2038; x_wconf 87' lang='lat' dir='ltr'><strong>CCXXXVIII:</strong></span> 
     </span>
     <span class='ocr_line' id='line_1_7' title="bbox 286 2087 2401 2184; baseline 0.002 -25"><span class='ocrx_word' id='word_1_44' title='bbox 286 2099 648 2184; x_wconf 83' lang='lat' dir='ltr'><strong>praeterea</strong></span> <span class='ocrx_word' id='word_1_45' title='bbox 700 2099 926 2162; x_wconf 84' lang='lat' dir='ltr'><strong>autem</strong></span> <span class='ocrx_word' id='word_1_46' title='bbox 977 2087 1143 2160; x_wconf 87' lang='lat' dir='ltr'><strong>nihil</strong></span> <span class='ocrx_word' id='word_1_47' title='bbox 1197 2088 1285 2159; x_wconf 87' lang='lat' dir='ltr'><strong>de</strong></span> <span class='ocrx_word' id='word_1_48' title='bbox 1336 2089 1477 2159; x_wconf 79' lang='lat' dir='ltr'><strong>vita</strong></span> <span class='ocrx_word' id='word_1_49' title='bbox 1533 2088 1684 2160; x_wconf 60' lang='lat' dir='ltr'><strong>einis</strong></span> <span class='ocrx_word' id='word_1_50' title='bbox 1732 2099 2020 2162; x_wconf 83' lang='lat' dir='ltr'><strong>constat.</strong></span> <span class='ocrx_word' id='word_1_51' title='bbox 2096 2090 2168 2162; x_wconf 88' lang='lat' dir='ltr'>A</span> <span class='ocrx_word' id='word_1_52' title='bbox 2195 2091 2401 2163; x_wconf 88' lang='lat' dir='ltr'><strong>Pris—</strong></span> 
     </span>
     <span class='ocr_line' id='line_1_8' title="bbox 286 2214 2402 2312; baseline 0.002 -26"><span class='ocrx_word' id='word_1_53' title='bbox 286 2219 484 2287; x_wconf 86' lang='lat' dir='ltr'><strong>ciano</strong></span> <span class='ocrx_word' id='word_1_54' title='bbox 538 2216 743 2312; x_wconf 51' lang='lat' dir='ltr'><strong>(Isti,</strong></span> <span class='ocrx_word' id='word_1_55' title='bbox 778 2216 872 2287; x_wconf 81' lang='lat'><strong>1¹7</strong></span> <span class='ocrx_word' id='word_1_56' title='bbox 927 2239 991 2311; x_wconf 89' lang='lat' dir='ltr'><strong>p.</strong></span> <span class='ocrx_word' id='word_1_57' title='bbox 1020 2215 1211 2308; x_wconf 80' lang='lat'>545)</span> <span class='ocrx_word' id='word_1_58' title='bbox 1243 2214 1679 2287; x_wconf 86' lang='lat' dir='ltr'><strong>doctissimus</strong></span> <span class='ocrx_word' id='word_1_59' title='bbox 1719 2218 1885 2288; x_wconf 79' lang='lat' dir='ltr'><strong>artis</strong></span> <span class='ocrx_word' id='word_1_60' title='bbox 1918 2218 2402 2311; x_wconf 78' lang='lat' dir='ltr'><strong>grammaticae</strong></span> 
     </span>
     <span class='ocr_line' id='line_1_9' title="bbox 281 2340 2398 2438; baseline 0 -21"><span class='ocrx_word' id='word_1_61' title='bbox 281 2353 596 2435; x_wconf 83' lang='lat' dir='ltr'><strong>vocatur,</strong></span> <span class='ocrx_word' id='word_1_62' title='bbox 649 2353 718 2415; x_wconf 88' lang='lat' dir='ltr'><strong>et</strong></span> <span class='ocrx_word' id='word_1_63' title='bbox 771 2345 950 2415; x_wconf 89' lang='lat' dir='ltr'><strong>inter</strong></span> <span class='ocrx_word' id='word_1_64' title='bbox 998 2340 1466 2415; x_wconf 87' lang='lat' dir='ltr'><strong>nobilissimos</strong></span> <span class='ocrx_word' id='word_1_65' title='bbox 1521 2345 2039 2435; x_wconf 82' lang='lat' dir='ltr'><strong>grammaticos,</strong></span> <span class='ocrx_word' id='word_1_66' title='bbox 2092 2346 2202 2438; x_wconf 87' lang='lat' dir='ltr'><strong>qui</strong></span> <span class='ocrx_word' id='word_1_67' title='bbox 2251 2345 2398 2418; x_wconf 88' lang='lat' dir='ltr'><strong>suis</strong></span> 
     </span>
     <span class='ocr_line' id='line_1_10' title="bbox 283 2464 2397 2561; baseline -0 -16"><span class='ocrx_word' id='word_1_68' title='bbox 283 2464 579 2545; x_wconf 83' lang='lat' dir='ltr'><strong>saeculis</strong></span> <span class='ocrx_word' id='word_1_69' title='bbox 645 2471 933 2544; x_wconf 88' lang='lat' dir='ltr'><strong>honoris</strong></span> <span class='ocrx_word' id='word_1_70' title='bbox 997 2471 1211 2542; x_wconf 89' lang='lat' dir='ltr'><strong>decus</strong></span> <span class='ocrx_word' id='word_1_71' title='bbox 1274 2468 1678 2560; x_wconf 73' lang='lat' dir='ltr'><strong>habuerint,</strong></span> <span class='ocrx_word' id='word_1_72' title='bbox 1745 2490 1900 2541; x_wconf 81' lang='lat' dir='ltr'><strong>cum</strong></span> <span class='ocrx_word' id='word_1_73' title='bbox 1953 2471 2397 2561; x_wconf 75' lang='lat' dir='ltr'><strong>Palaemone,</strong></span> 
     </span>
     <span class='ocr_line' id='line_1_11' title="bbox 280 2593 2397 2693; baseline -0 -22"><span class='ocrx_word' id='word_1_74' title='bbox 280 2599 511 2672; x_wconf 89' lang='lat' dir='ltr'><strong>Phoca</strong></span> <span class='ocrx_word' id='word_1_75' title='bbox 564 2609 765 2693; x_wconf 86' lang='lat' dir='ltr'><strong>atque</strong></span> <span class='ocrx_word' id='word_1_76' title='bbox 818 2596 1047 2670; x_wconf 89' lang='lat' dir='ltr'><strong>Probo</strong></span> <span class='ocrx_word' id='word_1_77' title='bbox 1096 2604 1493 2669; x_wconf 86' lang='lat' dir='ltr'><strong>numeratur</strong></span> <span class='ocrx_word' id='word_1_78' title='bbox 1526 2619 1568 2668; x_wconf 90' lang='lat' dir='ltr'><strong>a</strong></span> <span class='ocrx_word' id='word_1_79' title='bbox 1610 2593 2040 2671; x_wconf 80' lang='lat' dir='ltr'><strong>Cassiodoro</strong></span> <span class='ocrx_word' id='word_1_80' title='bbox 2077 2599 2212 2689; x_wconf 85' lang='lat' dir='ltr'><strong>(de</strong></span> <span class='ocrx_word' id='word_1_81' title='bbox 2247 2607 2397 2670; x_wconf 86' lang='lat' dir='ltr'><strong>arte</strong></span> 
     </span>
     <span class='ocr_line' id='line_1_12' title="bbox 278 2722 2396 2820; baseline 0.001 -24"><span class='ocrx_word' id='word_1_82' title='bbox 278 2746 491 2819; x_wconf 82' lang='lat' dir='ltr'><strong>gram.</strong></span> <span class='ocrx_word' id='word_1_83' title='bbox 523 2725 632 2816; x_wconf 84' lang='lat'><strong>1).</strong></span> <span class='ocrx_word' id='word_1_84' title='bbox 742 2723 1034 2820; x_wconf 79' lang='lat' dir='ltr'><strong>Scripsit</strong></span> <span class='ocrx_word' id='word_1_85' title='bbox 1081 2722 1323 2795; x_wconf 89' lang='lat' dir='ltr'><strong>librum</strong></span> <span class='ocrx_word' id='word_1_86' title='bbox 1377 2723 1489 2795; x_wconf 88' lang='lat' dir='ltr'><strong>de</strong></span> <span class='ocrx_word' id='word_1_87' title='bbox 1535 2722 2086 2816; x_wconf 90' lang='lat' dir='ltr'><strong>accentibus,</strong></span> <span class='ocrx_word' id='word_1_88' title='bbox 2134 2724 2228 2797; x_wconf 85' lang='lat' dir='ltr'><strong>de</strong></span> <span class='ocrx_word' id='word_1_89' title='bbox 2263 2747 2396 2820; x_wconf 80' lang='lat' dir='ltr'><strong>quo</strong></span> 
     </span>
     <span class='ocr_line' id='line_1_13' title="bbox 276 2848 2394 2947; baseline -0 -25"><span class='ocrx_word' id='word_1_90' title='bbox 276 2853 368 2923; x_wconf 79' lang='lat' dir='ltr'><strong>ita</strong></span> <span class='ocrx_word' id='word_1_91' title='bbox 418 2850 639 2922; x_wconf 81' lang='lat' dir='ltr'><strong>refert</strong></span> <span class='ocrx_word' id='word_1_92' title='bbox 691 2848 1153 2923; x_wconf 75' lang='lat' dir='ltr'><strong>Cassiodorus</strong></span> <span class='ocrx_word' id='word_1_93' title='bbox 1221 2851 1369 2940; x_wconf 86' lang='lat' dir='ltr'><strong>(de</strong></span> <span class='ocrx_word' id='word_1_94' title='bbox 1418 2850 1684 2923; x_wconf 76' lang='lat' dir='ltr'><strong>musica</strong></span> <span class='ocrx_word' id='word_1_95' title='bbox 1729 2853 1802 2923; x_wconf 87' lang='lat' dir='ltr'><strong>in</strong></span> <span class='ocrx_word' id='word_1_96' title='bbox 1853 2849 1992 2923; x_wconf 82' lang='lat' dir='ltr'><strong>fine</strong></span> <span class='ocrx_word' id='word_1_97' title='bbox 2042 2876 2107 2947; x_wconf 90' lang='lat' dir='ltr'><strong>p.</strong></span> <span class='ocrx_word' id='word_1_98' title='bbox 2160 2849 2394 2944; x_wconf 68' lang='lat'><strong>5763:</strong></span> 
     </span>
     <span class='ocr_line' id='line_1_14' title="bbox 278 2975 2397 3072; baseline 0 -23"><span class='ocrx_word' id='word_1_99' title='bbox 278 2976 882 3071; x_wconf 86' lang='lat' dir='ltr'><strong>„Censorinus</strong></span> <span class='ocrx_word' id='word_1_100' title='bbox 957 2998 1229 3072; x_wconf 89' lang='lat' dir='ltr'><strong>quoque</strong></span> <span class='ocrx_word' id='word_1_101' title='bbox 1290 2977 1380 3048; x_wconf 89' lang='lat' dir='ltr'><strong>de</strong></span> <span class='ocrx_word' id='word_1_102' title='bbox 1440 2975 1840 3048; x_wconf 75' lang='lat' dir='ltr'><strong>accentibus</strong></span> <span class='ocrx_word' id='word_1_103' title='bbox 1905 2979 2067 3051; x_wconf 83' lang='lat' dir='ltr'><strong>voci</strong></span> <span class='ocrx_word' id='word_1_104' title='bbox 2118 2986 2397 3051; x_wconf 80' lang='lat' dir='ltr'><strong>nostrae</strong></span> 
     </span>
     <span class='ocr_line' id='line_1_15' title="bbox 277 3101 2396 3199; baseline -0.002 -22"><span class='ocrx_word' id='word_1_105' title='bbox 277 3104 789 3177; x_wconf 81' lang='lat' dir='ltr'><strong>adnecessariis</strong></span> <span class='ocrx_word' id='word_1_106' title='bbox 845 3101 1179 3178; x_wconf 74' lang='lat' dir='ltr'><strong>subtiliter</strong></span> <span class='ocrx_word' id='word_1_107' title='bbox 1214 3102 1612 3197; x_wconf 85' lang='lat' dir='ltr'><strong>disputavit,</strong></span> <span class='ocrx_word' id='word_1_108' title='bbox 1656 3105 2007 3199; x_wconf 84' lang='lat' dir='ltr'><strong>pertinere</strong></span> <span class='ocrx_word' id='word_1_109' title='bbox 2036 3103 2273 3179; x_wconf 78' lang='lat' dir='ltr'><strong>dicens</strong></span> <span class='ocrx_word' id='word_1_110' title='bbox 2305 3103 2396 3174; x_wconf 90' lang='lat' dir='ltr'><strong>ad</strong></span> 
     </span>
     <span class='ocr_line' id='line_1_16' title="bbox 275 3227 2391 3327; baseline -0.001 -23"><span class='ocrx_word' id='word_1_111' title='bbox 275 3235 601 3306; x_wconf 87' lang='lat' dir='ltr'><strong>musicam</strong></span> <span class='ocrx_word' id='word_1_112' title='bbox 637 3229 1086 3326; x_wconf 76' lang='lat' dir='ltr'><strong>disciplinam,</strong></span> <span class='ocrx_word' id='word_1_113' title='bbox 1127 3252 1328 3327; x_wconf 89' lang='lat' dir='ltr'><strong>quem</strong></span> <span class='ocrx_word' id='word_1_114' title='bbox 1367 3227 1569 3303; x_wconf 89' lang='lat' dir='ltr'><strong>vobis</strong></span> <span class='ocrx_word' id='word_1_115' title='bbox 1612 3231 1794 3303; x_wconf 86' lang='lat' dir='ltr'><strong>inter</strong></span> <span class='ocrx_word' id='word_1_116' title='bbox 1834 3240 2108 3305; x_wconf 87' lang='lat' dir='ltr'><strong>ceteros</strong></span> <span class='ocrx_word' id='word_1_117' title='bbox 2151 3238 2391 3302; x_wconf 85' lang='lat' dir='ltr'><strong>trans-</strong></span> 
     </span>
     <span class='ocr_line' id='line_1_17' title="bbox 276 3357 2392 3455; baseline -0.002 -23"><span class='ocrx_word' id='word_1_118' title='bbox 276 3361 600 3455; x_wconf 83' lang='lat' dir='ltr'><strong>scriptum</strong></span> <span class='ocrx_word' id='word_1_119' title='bbox 652 3358 961 3453; x_wconf 86' lang='lat' dir='ltr'><strong>reliqui.&#39;‘</strong></span> <span class='ocrx_word' id='word_1_120' title='bbox 1049 3359 1201 3431; x_wconf 90' lang='lat' dir='ltr'><strong>Hoc</strong></span> <span class='ocrx_word' id='word_1_121' title='bbox 1249 3357 1425 3429; x_wconf 85' lang='lat' dir='ltr'><strong>libro</strong></span> <span class='ocrx_word' id='word_1_122' title='bbox 1462 3378 1630 3431; x_wconf 86' lang='lat' dir='ltr'><strong>usus</strong></span> <span class='ocrx_word' id='word_1_123' title='bbox 1672 3365 1780 3430; x_wconf 86' lang='lat' dir='ltr'><strong>est</strong></span> <span class='ocrx_word' id='word_1_124' title='bbox 1814 3357 2233 3448; x_wconf 83' lang='lat' dir='ltr'><strong>Priscianus,</strong></span> <span class='ocrx_word' id='word_1_125' title='bbox 2277 3358 2392 3451; x_wconf 86' lang='lat' dir='ltr'><strong>qui</strong></span> 
     </span>
     <span class='ocr_line' id='line_1_18' title="bbox 275 3484 2390 3582; baseline -0.002 -22"><span class='ocrx_word' id='word_1_126' title='bbox 275 3485 729 3560; x_wconf 83' lang='lat' dir='ltr'><strong>Censorinum</strong></span> <span class='ocrx_word' id='word_1_127' title='bbox 783 3484 870 3565; x_wconf 78' lang='lat' dir='ltr'><strong>de</strong></span> <span class='ocrx_word' id='word_1_128' title='bbox 922 3496 1209 3559; x_wconf 85' lang='lat' dir='ltr'><strong>accentu</strong></span> <span class='ocrx_word' id='word_1_129' title='bbox 1258 3486 1839 3582; x_wconf 79' lang='lat' dir='ltr'><strong>praepositionum</strong></span> <span class='ocrx_word' id='word_1_130' title='bbox 1897 3494 2179 3560; x_wconf 75' lang='lat' dir='ltr'><strong>testatur</strong></span> <span class='ocrx_word' id='word_1_131' title='bbox 2230 3484 2390 3581; x_wconf 90' lang='lat' dir='ltr'><strong>pla-</strong></span> 
     </span>
     <span class='ocr_line' id='line_1_19' title="bbox 271 3610 2392 3708; baseline -0.002 -22"><span class='ocrx_word' id='word_1_132' title='bbox 271 3615 556 3687; x_wconf 90' lang='lat' dir='ltr'><strong>nissime</strong></span> <span class='ocrx_word' id='word_1_133' title='bbox 592 3613 849 3683; x_wconf 89' lang='lat' dir='ltr'><strong>docere</strong></span> <span class='ocrx_word' id='word_1_134' title='bbox 888 3615 957 3683; x_wconf 92' lang='lat' dir='ltr'><strong>in</strong></span> <span class='ocrx_word' id='word_1_135' title='bbox 999 3612 1201 3703; x_wconf 90' lang='lat' dir='ltr'><strong>libro,</strong></span> <span class='ocrx_word' id='word_1_136' title='bbox 1230 3637 1430 3708; x_wconf 85' lang='lat' dir='ltr'><strong>quem</strong></span> <span class='ocrx_word' id='word_1_137' title='bbox 1469 3613 1557 3685; x_wconf 91' lang='lat' dir='ltr'><strong>de</strong></span> <span class='ocrx_word' id='word_1_138' title='bbox 1598 3610 1993 3684; x_wconf 85' lang='lat' dir='ltr'><strong>accentibus</strong></span> <span class='ocrx_word' id='word_1_139' title='bbox 2032 3612 2392 3708; x_wconf 78' lang='lat' dir='ltr'><strong>scripserit</strong></span> 
     </span>
     <span class='ocr_line' id='line_1_20' title="bbox 272 3735 2390 3837; baseline -0 -26"><span class='ocrx_word' id='word_1_140' title='bbox 272 3735 684 3835; x_wconf 77' lang='lat' dir='ltr'><strong>(XIV,1,6</strong></span> <span class='ocrx_word' id='word_1_141' title='bbox 729 3761 793 3832; x_wconf 90' lang='lat' dir='ltr'><strong>p.</strong></span> <span class='ocrx_word' id='word_1_142' title='bbox 827 3738 1049 3833; x_wconf 78' lang='lat'><strong>978),</strong></span> <span class='ocrx_word' id='word_1_143' title='bbox 1102 3749 1170 3813; x_wconf 89' lang='lat' dir='ltr'><strong>et</strong></span> <span class='ocrx_word' id='word_1_144' title='bbox 1222 3762 1397 3814; x_wconf 88' lang='lat' dir='ltr'><strong>vero</strong></span> <span class='ocrx_word' id='word_1_145' title='bbox 1451 3740 1670 3814; x_wconf 83' lang='lat' dir='ltr'><strong>altero</strong></span> <span class='ocrx_word' id='word_1_146' title='bbox 1720 3739 1877 3812; x_wconf 84' lang='lat' dir='ltr'><strong>loco</strong></span> <span class='ocrx_word' id='word_1_147' title='bbox 1911 3738 2151 3837; x_wconf 81' lang='lat' dir='ltr'><strong>(xlv,</strong></span> <span class='ocrx_word' id='word_1_148' title='bbox 2178 3740 2257 3830; x_wconf 84' lang='lat'><strong>4,</strong></span> <span class='ocrx_word' id='word_1_149' title='bbox 2286 3739 2390 3810; x_wconf 89' lang='grc'><strong>40</strong></span> 
     </span>
     <span class='ocr_line' id='line_1_21' title="bbox 270 3864 2228 3963; baseline -0.001 -25"><span class='ocrx_word' id='word_1_150' title='bbox 270 3891 337 3963; x_wconf 91' lang='lat' dir='ltr'><strong>p.</strong></span> <span class='ocrx_word' id='word_1_151' title='bbox 367 3864 562 3959; x_wconf 88' lang='grc'>993)</span> <span class='ocrx_word' id='word_1_152' title='bbox 613 3864 789 3937; x_wconf 88' lang='lat' dir='ltr'><strong>baec</strong></span> <span class='ocrx_word' id='word_1_153' title='bbox 835 3865 1068 3937; x_wconf 71' lang='lat' dir='ltr'><strong>affertz</strong></span> <span class='ocrx_word' id='word_1_154' title='bbox 2227 3906 2228 3909; x_wconf 61' lang='lat'><em>=</em></span> 
     </span>
     <span class='ocr_line' id='line_1_22' title="bbox 377 3988 2389 4090; baseline 0.001 -27"><span class='ocrx_word' id='word_1_155' title='bbox 377 3991 630 4085; x_wconf 86' lang='lat' dir='ltr'><strong>„Quod</strong></span> <span class='ocrx_word' id='word_1_156' title='bbox 686 3989 1228 4067; x_wconf 85' lang='lat' dir='ltr'><strong>Censorinus</strong></span> <span class='ocrx_word' id='word_1_157' title='bbox 1264 3988 1534 4089; x_wconf 88' lang='lat' dir='ltr'><strong>quoque</strong></span> <span class='ocrx_word' id='word_1_158' title='bbox 1579 3994 1666 4067; x_wconf 91' lang='lat' dir='ltr'><strong>de</strong></span> <span class='ocrx_word' id='word_1_159' title='bbox 1704 3993 2097 4068; x_wconf 89' lang='lat' dir='ltr'><strong>accentibus</strong></span> <span class='ocrx_word' id='word_1_160' title='bbox 2126 4015 2389 4090; x_wconf 89' lang='lat' dir='ltr'><strong>appro-</strong></span> 
     </span>
     <span class='ocr_line' id='line_1_23' title="bbox 288 4119 2398 4220; baseline -0.002 -21"><span class='ocrx_word' id='word_1_161' title='bbox 288 4184 301 4199; x_wconf 88' lang='lat'>.</span> <span class='ocrx_word' id='word_1_162' title='bbox 377 4119 531 4211; x_wconf 89' lang='lat' dir='ltr'><strong>bat,</strong></span> <span class='ocrx_word' id='word_1_163' title='bbox 597 4121 699 4193; x_wconf 91' lang='lat' dir='ltr'><strong>sic</strong></span> <span class='ocrx_word' id='word_1_164' title='bbox 761 4120 1038 4196; x_wconf 86' lang='lat' dir='ltr'><strong>dicens:</strong></span> <span class='ocrx_word' id='word_1_165' title='bbox 1106 4119 1414 4219; x_wconf 80' lang='lat' dir='ltr'><strong>Super</strong></span> <span class='ocrx_word' id='word_1_166' title='bbox 1472 4124 1939 4220; x_wconf 74' lang='lat' dir='ltr'><strong>praepositio</strong></span> <span class='ocrx_word' id='word_1_167' title='bbox 1999 4128 2119 4197; x_wconf 78' lang='lat' dir='ltr'><strong>est</strong></span> <span class='ocrx_word' id='word_1_168' title='bbox 2183 4119 2398 4217; x_wconf 80' lang='lat' dir='ltr'><strong>apud</strong></span> 
     </span>
    </p>
   </div>
  </div>
 </body>
</html>
