3025 4925
916 419 1021 479 DE
1060 419 1192 480 DIE
1230 420 1523 481 NATALI
1562 420 1731 479 CAP.
1758 424 1814 479 6.
2344 426 2419 482 17

310 603 509 672 quam
560 581 672 648 uni
724 582 879 649 satis
930 583 1081 666 fuit,
1134 582 1422 658 bifariam
1477 581 1710 650 diduci.
1815 578 1903 650 ¹Id
1955 584 2166 673 ipsum
2220 583 2421 651 ferme
2452 604 2523 656 10

307 695 742 788 Empedocles
784 696 1038 766 videtur
1076 698 1384 766 sensisse:
1435 721 1589 765 nam
1633 720 1862 765 causas
1894 697 2154 789 quidem
2184 719 2302 765 cur
2325 698 2421 792 di-

309 812 639 882 videretur
678 834 809 880 non
851 813 1084 903 posuit,
1126 813 1357 905 partiri
1398 811 1840 880 tantummodo
1874 813 1980 893 ait,
2006 821 2073 879 et
2091 812 2147 880 si
2175 821 2422 880 utrum-

314 951 445 1018 que
498 927 687 996 sedes
745 947 951 1019 aeque
991 926 1241 996 calidas
1291 929 1734 1017 occupaverit,
1776 936 2122 1019 utrumque
2175 950 2423 995 marem

254 1061 285 1102 ⁵
313 1043 517 1124 nasci,
549 1044 605 1110 si
646 1042 904 1133 frigidas
950 1066 1174 1133 aeque,
1217 1051 1556 1134 utramque
1597 1043 1921 1124 feminam,
1966 1043 2022 1109 si
2062 1065 2218 1111 vero
2266 1042 2425 1111 alte-

314 1177 461 1225 rum
515 1156 916 1241 calidiorem,
969 1157 1240 1228 alterum
1295 1158 1718 1248 frigidiorem,
1772 1157 2008 1247 dispari
2058 1180 2223 1225 sexu
2278 1180 2427 1248 par·-

314 1283 454 1339 tum
495 1273 796 1340 futurum.
1388 1365 1395 1370 ι
1935 1255 1940 1260 ,

484 1386 618 1456 VII.
667 1389 999 1478 Superest
1056 1388 1271 1458 dicere
1325 1390 1407 1457 de
1466 1388 1862 1480 temporibus
1923 1389 2151 1479 quibus
2205 1397 2426 1480 partus
2456 1399 2486 1453 1

318 1500 574 1571 soleant
629 1526 773 1571 esse
832 1489 915 1570 ad
968 1503 1367 1572 nascendum
1424 1505 1695 1585 maturi3
1754 1503 1863 1594 qui
1916 1502 2098 1569 locus
2154 1525 2232 1569 eo
2278 1501 2431 1570 mihi

228 1645 295 1687 ιο
324 1639 478 1686 eura
532 1618 776 1686 maiore
838 1617 1203 1685 tractandus
1265 1627 1393 1700 est,
1439 1618 1615 1710 quod
1659 1616 1977 1710 quaedam
2018 1638 2288 1683 necesse
2333 1625 2433 1684 est

320 1733 403 1801 de
446 1733 793 1825 astrologia
833 1733 1208 1823 musicaque
1253 1743 1319 1800 et
1360 1729 1758 1800 arithmetica
1801 1733 2131 1822 attingere.

408 1864 411 1868 ’
483 1847 619 1916 Iam
661 1847 940 1936 primum
984 1857 1180 1937 quoto
1224 1857 1375 1938 post
1417 1849 1911 1939 conceptionem
1960 1869 2186 1914 mense
2219 1846 2424 1912 infan·
2455 1866 2494 1919 2

319 1973 418 2031 tes
463 1963 568 2030 edi
609 1962 878 2043 soleant,
920 1963 1287 2051 frequenter
1312 1963 1478 2029 inter
1511 1972 1766 2029 veteres
1803 1962 2111 2051 agitatum
2142 1959 2434 2026 nondum

321 2078 641 2147 convenit.
736 2073 998 2166 Hippon
1042 2076 1519 2165 Metapontinus
1562 2099 1601 2143 a
1643 2076 1915 2166 septimo
1973 2074 2056 2143 ad
2112 2074 2434 2142 decimum

231 2211 295 2255 ιε
322 2214 614 2260 mensem
668 2193 850 2259 nasci
902 2214 1096 2283 posse
1152 2190 1555 2258 existimavit.
1642 2212 1794 2257 nam
1850 2191 2123 2281 septimo
2176 2200 2434 2283 partum

318 2309 450 2375 iam
494 2330 641 2374 esse
680 2316 1001 2374 maturum
1045 2329 1122 2373 eo
1169 2305 1341 2397 quod
1383 2307 1450 2374 in
1507 2305 1800 2372 omnibus
1856 2327 2162 2375 numerus
2217 2317 2434 2398 septe‘-

318 2423 535 2491 narius
576 2422 922 2514 plurimum
964 2422 1186 2513 possit,
1229 2419 1546 2513 siquidem
1589 2429 1838 2512 septem
1873 2420 2223 2489 formemur
2250 2433 2433 2490 menss

319 2537 493 2606 sibus
512 2590 529 2621 ‚
585 2537 962 2629 additisque·
1001 2537 1212 2604 alteris
1270 2538 1431 2605 recti
1488 2537 1840 2605 consistere
1896 2536 2306 2626 incipiamus,
2369 2548 2434 2605 et

319 2662 471 2743 post
509 2653 853 2744 septimum
895 2674 1186 2719 mensem
1230 2654 1455 2719 dentes
1498 2652 1683 2719 nobis
1722 2653 2168 2734 innascantur,
2205 2652 2431 2723 iidem-

231 2793 298 2836 πο
322 2792 447 2860 que
490 2778 639 2860 post
681 2767 1023 2859 septimum
1068 2767 1304 2835 cadant
1345 2790 1604 2849 annum,
1648 2776 1872 2859 quarto
1920 2766 2168 2833 decimo
2213 2776 2431 2836 autem

316 2882 674 2974 pubescere
717 2881 1060 2950 soleamus.
1146 2881 1265 2950 sed
1307 2880 1476 2951 hanc
1519 2906 1558 2951 a
1598 2891 1849 2972 septem
1900 2881 2228 2951 mensibus
2271 2884 2429 2951 inci»
2452 2908 2492 2962 3

317 3094 349 3148 1
392 3088 567 3147 fuerit
682 3091 718 3145 3
757 3086 968 3165 posuit,
1006 3085 1396 3144 tantummodo
1536 3094 1594 3165 et
1632 3104 1741 3146 om.
1878 3090 1947 3145 11
1990 3086 2209 3145 musica
2249 3096 2308 3144 et
2420 3131 2425 3135 .

250 3246 265 3259 ι
314 3171 391 3227 19
430 3174 652 3246 septem
691 3181 916 3222 menses
1322 3196 1323 3199 =

254 3369 266 3386 ⁸
319 3363 351 3418 1
392 3377 565 3435 quom
603 3356 752 3434 qnod
787 3357 890 3413 uni
928 3374 1037 3414 em.
1083 3355 1394 3412 Cauchius.
1534 3352 1649 3426 fuit
1685 3353 1813 3411 DR.
1954 3352 2146 3412 deduci
2181 3355 2350 3432 DRg.

317 3439 357 3494 3
393 3437 601 3511 partim
637 3440 784 3491 tant.
822 3432 949 3502 DR,
989 3435 1239 3509 partium
1274 3438 1421 3490 tant.
1461 3431 1577 3508 gla.
1624 3438 1850 3509 portum
1889 3429 2025 3489 edd.
2064 3440 2199 3490 vett.
2237 3436 2427 3508 parti-

316 3508 436 3570 tu‘m
486 3512 634 3568 coni.
674 3511 892 3567 Manut.
952 3511 1163 3584 partim
1213 3528 1324 3566 om.
1369 3509 1593 3566 Carrio.
1750 3513 1804 3564 et
1836 3510 1890 3565 si
1925 3508 2149 3583 DRgla.
2217 3512 2270 3566 et
2309 3530 2421 3568 om.

319 3589 544 3646 Carrio.
726 3590 764 3647 5
803 3584 1048 3661 frigidae
1080 3593 1371 3662 utriunque
1404 3584 1649 3657 feminas
1685 3602 1739 3660 g.
1914 3588 1954 3643 7
1991 3584 2135 3642 Post
2169 3585 2427 3658 futurum

315 3666 376 3724 in
394 3665 572 3741 DRgr
588 3684 676 3722 ms
694 3663 896 3721 Almel.
920 3662 1211 3720 adduntur
1228 3662 1392 3730 haec,
1434 3665 1519 3718 De
1554 3660 1967 3735 confirmatione
2002 3668 2187 3720 autem
2220 3671 2425 3740 partus

313 3741 486 3800 nihilo
506 3745 709 3809 miurus,
743 3740 818 3797 cf.
844 3759 895 3797 c.
921 3743 1042 3807 6‚1.
1088 3740 1258 3794 Tunc
1288 3737 1605 3814 sequuntur
1638 3739 1758 3805 illa,
1795 3742 1856 3796 in
1874 3742 2064 3814 prima
2090 3737 2428 3798 hebdomade

315 3827 455 3887 etc„
497 3837 645 3894 quae
682 3818 951 3893 leguntur
988 3835 1038 3873 c.
1069 3815 1219 3882 14,7
1258 3833 1444 3889 usque
1485 3814 1564 3870 ad
1602 3821 1651 3872 c.
1680 3819 1870 3882 17‚1o
1904 3822 2060 3893 nocte
2094 3814 2421 3892 frequentes,

316 3913 466 3972 quae
504 3895 717 3973 excipit
755 3913 804 3950 c.
823 3896 937 3961 7,'1
989 3899 1241 3968 superest
1277 3899 1387 3949 etc.
1431 3891 1527 3947 Cf.
1567 3892 1829 3970 prolegg.
2071 3896 2109 3950 8
2147 3892 2215 3949 de
2250 3899 2416 3966 temp.

314 3972 391 4029 cf.
430 3972 583 4028 Plut.
623 3971 707 4049 pl.
744 3969 844 4049 ph.
885 3970 959 4038 V,
987 3973 1080 4028 18.
1104 3969 1330 4026 Galen.
1359 3968 1453 4025 34.
1572 3973 1647 4026 12
1685 3972 2027 4044 conceptione
2048 3968 2123 4025 D.
2242 3972 2315 4026 13
2339 3969 2418 4040 fr.

314 4067 406 4124 ¹¹9·
426 4052 529 4106 int.
549 4055 653 4105 vot.
676 4049 787 4123 Rg.
941 4048 1013 4107 15
1037 4049 1252 4105 meatim.
1276 4044 1402 4102 DR.
1559 4048 1633 4101 17
1652 4048 1904 4121 septimis
1923 4058 2034 4121 gin,
2083 4047 2324 4121 septenis
2342 4046 2417 4103 la.

311 4124 777 4260 sowbgla.
895 4129 968 4183 19
1006 4130 1134 4200 post
1157 4128 1295 4200 sept.
1323 4153 1400 4164 -—
1422 4120 1691 4198 iidemque
1728 4140 1838 4181 om.
1880 4122 1957 4198 gl.
2071 4121 2268 4199 idemq.
2291 4123 2416 4183 DR„

314 4205 382 4259 21
543 4221 572 4260 c
666 4243 682 4258 .
818 4228 822 4232 Α
852 4222 859 4228 ·
1625 4220 1636 4244 ³
