3025 4925
982 412 1462 472 FRAGROENTI.
1487 412 1659 473 CAP.
1678 416 1736 474 9.
1777 418 1787 430 ⁰
2333 419 2412 476 87

296 573 688 641 claviam
731 570 881 651 etim
919 574 1147 663 peritia
1189 583 1327 641 tum
1370 572 1735 665 eloquentia
1772 574 2210 645 Aristoxenum.
2267 574 2413 644 Mo·-

297 685 500 755 dnlnfi
555 685 846 779 protinus
899 689 1384 774 camini-nee
1435 698 1657 756 tamen
1710 689 2473 780 annonputesanth-:ss

298 803 560 895 quiores
603 814 832 872 cantus
876 800 1021 885 edne
1062 805 1379 885 nmen-is,
1424 804 1542 872 sed
1580 804 1867 872 munos
1912 814 1979 873 et
2026 804 2417 887 inconditos,

292 927 573 1009 postque
613 916 734 986 hos
776 920 1030 1010 poetica
1072 916 1276 986 valuit
1306 917 1509 986 voluti
1542 917 1866 1008 legitimo,
1906 919 2156 987 musica
2209 918 2413 989 licon-⁴

234 1057 266 1097 ⁵
295 1034 419 1100 tior
458 1033 793 1126 magisque
836 1031 1182 1101 modulata.

1019 1239 1109 1312 X.
1190 1261 1283 1310 nn
1336 1260 1680 1311 mmm.

462 1380 825 1476 Rhythmus
883 1340 1162 1453 creditur
1219 1358 1425 1453 dictos
1465 1409 1504 1452 a
1547 1382 1937 1475 Rythmonio
1985 1383 2229 1475 Orphei
2280 1383 2408 1452 filio

289 1512 358 1570 et
399 1501 740 1570 Idomenae
782 1499 1108 1591 nymphae
1154 1500 1530 1582 Ismaricae,
1569 1507 1643 1565 ut
1684 1498 1877 1566 tradit
1917 1499 2295 1569 Nicocrates
2329 1500 2406 1566 li-

284 1706 450 1839 2trap
479 1693 589 1765 om.
694 1706 734 1764 4
769 1714 906 1786 post
921 1722 1072 1782 quos
1094 1712 1253 1783 poet.
1356 1708 1398 1763 8
1419 1703 1769 1763 Idemoneae
1860 1702 2117 1763 Maricae
2217 1706 2399 1763 Nico·
2480 1738 2487 1747 ·

286 1803 317 1841 s
373 1802 409 1840 a
435 1804 501 1840 us

286 1974 367 2032 ad
415 1975 558 2050 Lyc.
600 1974 733 2033 879.
786 1973 863 2031 ad
913 1991 1077 2049 exeg.
1117 1968 1184 2028 11.
1225 1990 1286 2047 p.
1323 1974 1436 2029 132
1486 1970 1560 2030 cl.
1609 1971 1798 2046 Etym.
1839 1972 1920 2030 Μ.
1956 1994 2009 2032 s.
2048 1992 2103 2030 v.
2128 1963 2402 2045 Ἄτλας),

284 2051 494 2110 eodem
531 2059 789 2127 tempore
827 2049 1018 2106 floruit
1058 2069 1171 2125 quo
1211 2047 1553 2106 Timotheus
1579 2047 1794 2125 (Diod.
1836 2048 1954 2106 Sic.
1982 2050 2139 2118 XIV,
2158 2048 2281 2118 46),
2323 2048 2398 2107 de

287 2147 404 2205 quo
445 2127 760 2206 discipulus
788 2126 1016 2201 Polyidi
1037 2123 1295 2182 Philotas
1333 2124 1629 2182 victoriam
1667 2129 1978 2218 reportavit
2004 2127 2234 2205 (Athen.
2266 2126 2399 2191 vul

285 2222 348 2293 p.
369 2206 483 2263 352
502 2201 604 2273 Β.)
616 2246 635 2274 ,
685 2213 746 2262 et
783 2204 931 2265 solet
969 2222 1095 2260 cum
1135 2198 1444 2259 Timotheo
1484 2203 1750 2277 coniung1
1802 2201 1978 2280 (Plnt.
2022 2203 2095 2260 de
2134 2218 2280 2261 mus.
2320 2207 2393 2260 21

282 2303 345 2359 p.
371 2282 521 2340 1138
543 2282 614 2338 Β.
660 2278 838 2359 Corp.
878 2281 1049 2339 inser.
1091 2299 1146 2337 n.
1182 2274 1382 2349 3053).
1433 2277 1594 2336 Idem
1634 2280 1821 2357 pictor
1856 2278 1966 2337 fuit
2007 2278 2206 2358 (Diod.
2236 2280 2274 2338 l.
2304 2276 2395 2354 l.),

285 2370 346 2415 et
384 2374 456 2417 ex
494 2358 862 2434 Wesselingii
904 2358 1231 2415 coniectura
1276 2354 1434 2412 haud
1481 2355 1847 2435 improbabili
1895 2358 2149 2433 tragicus
2200 2367 2395 2434 poeta,

285 2434 438 2494 idem
481 2432 649 2512 quem
688 2433 1021 2492 Aristoteles
1065 2432 1246 2512 (poet.
1290 2435 1382 2490 16.
1412 2428 1516 2505 17)
1557 2431 1873 2512 sophistam
1902 2443 2064 2492 vocat
2104 2433 2397 2508 (eRWel-

286 2514 440 2571 cker.
485 2512 716 2569 Griech.
760 2511 940 2588 Trag.
980 2531 1041 2588 p.
1064 2509 1214 2568 1044
1237 2503 1383 2645 ὅςᾶ,
1426 2527 1540 2587 quo
1580 2510 1807 2568 nomine
1890 2521 2055 2569 oetae
2099 2521 2156 2568 et
2193 2510 2395 2568 musici

281 2590 441 2646 hand
478 2607 609 2646 raro
650 2587 1019 2678 appellantur
1058 2585 1252 2677 (Bode
1351 2587 1479 2666 rph.
1518 2605 1581 2668 p.
1606 2589 1698 2644 52.
1739 2585 1849 2645 We
1876 2589 2028 2646 cker.
2073 2588 2176 2644 Gr.
2211 2589 2392 2664 Trag.

283 2661 1005 2817 {afstmcifffffdszgt
1039 2663 1913 2815 ¹223.3{i20523m4.÷”22?..3.5³32.
1954 2665 2128 2800 ...θ’
2184 2663 2395 2799 ’3522'05

282 2814 699 2891 Melanippides
738 2817 867 2873 Nic.
891 2816 1103 2873 Loens.
1133 2816 1234 2872 1.1.
1277 2815 1605 2891 Hypodicus
1645 2824 1743 2873 aut
1780 2820 2063 2894 Hippicus
2102 2827 2201 2874 aut
2241 2821 2393 2893 Hip-

324 2911 460 2952 asus
508 2891 744 2950 Selden.
795 2891 872 2948 ad
920 2909 1118 2949 marm.
1162 2892 1349 2950 Oxon.
1390 2911 1450 2969 p.
1483 2895 1616 2948 216.
1669 2891 2072 2968 Hyperwnides
2110 2893 2388 2952 Schmidt.

308 3014 322 3028 .
352 2971 390 3026 l.
422 2970 492 3026 cl.
519 2968 756 3029 Polluce
794 2967 894 3025 IV.
917 2971 1018 3027 65:
1066 2961 1401 3034 Φιλοξένου
1441 2965 1551 3026 τοῦ
1595 2963 1877 3042 Σιφνίου,
1919 2962 1988 3038 ὃς
2029 2965 2126 3026 καὶ
2157 2959 2175 2984 ‘
2198 2967 2249 3026 Y
2247 2987 2388 3043 περ·

283 3043 531 3120 τονίδης
568 3041 861 3115 ἐκαλεῖτο,
903 3046 999 3102 ubi
1039 3064 1112 3103 ex
1151 3042 1335 3102 Suida
1373 3064 1420 3101 s.
1452 3062 1506 3101 V.
1540 3036 1776 3117 χιᾶζειν
1817 3065 1961 3103 corr.
2010 3037 2389 3116 Θεοξενίδου,

283 3125 358 3183 cf.
399 3122 690 3199 Berglein.
734 3121 806 3180 de
843 3122 1068 3179 Philox.
1111 3143 1168 3199 p.
1187 3124 1284 3178 26.
1520 3121 1703 3182 Follis
1740 3121 1906 3200 DRg.
1958 3121 2204 3194 Phr-nnis
2242 3125 2389 3182 coni.

281 3199 413 3262 Nic.
453 3200 667 3256 Loens.
707 3197 900 3258 Palles
936 3199 1198 3274 Scaliger
1224 3198 1260 3254 1.
1288 3197 1329 3255 l.
1368 3196 1594 3268 mythis
1630 3197 1849 3258 Manut.
1889 3199 2101 3258 Mahne
2143 3199 2216 3259 de
2259 3201 2389 3258 Ari-

282 3285 429 3336 stox.
468 3298 528 3353 p.
552 3279 681 3335 198.
723 3273 925 3334 Philias
957 3274 1375 3333 Schneidewin.
1405 3275 1443 3331 l.
1471 3269 1509 3331 l.
1550 3274 1815 3334 Phillis
1857 3298 1903 3334 s.
1943 3275 2220 3351 Phyllis
2259 3297 2387 3335 mu-

281 3354 432 3414 sicus
476 3353 678 3430 (Suid.
722 3372 768 3411 s.
811 3371 860 3409 v.
904 3348 1195 3427 φυλλίς),
1255 3352 1403 3409 Delo
1456 3350 1761 3421 oriundus,
1811 3349 2080 3412 laudatur
2114 3352 2320 3411 Athen.
2362 3351 2390 3411 1

325 3474 338 3488 .
365 3435 436 3489 21
467 3429 534 3486 F.
574 3429 713 3488 XIV
795 3471 809 3486 .
844 3429 958 3487 634
984 3429 1059 3487 D.
1101 3433 1213 3487 636
1231 3429 1300 3488 F.
1354 3427 1520 3486 Suid.
1561 3427 1727 3490 Phot.
1771 3449 1817 3486 s,
1858 3447 1912 3487 v.
1954 3425 2221 3486 σκολιόν.
2263 3430 2384 3489 sch.

278 3451 429 3564 sslat.
514 3550 528 3563 .
559 3506 668 3564 341
705 3505 756 3563 Β
802 3550 816 3563 .
868 3505 988 3563 sch.
1029 3507 1268 3563 Lucian.
1309 3514 1350 3563 t.
1391 3504 1475 3562 IV
1513 3527 1573 3586 p.
1603 3508 1714 3563 116
1766 3505 1880 3565 Iac.
1926 3507 2059 3585 (ubi
2114 3503 2385 3578 Φίλων).

275 3583 418 3641 Eius
457 3525 604 3642 iliber
643 3579 774 3656 περὶ
818 3576 1077 3655 χρόνων,
1118 3591 1218 3640 aut
1257 3601 1330 3641 ex
1367 3582 1648 3642 Nitzschii
1690 3583 1847 3662 (mel.
1874 3583 1901 3639 Ι
1926 3601 1986 3662 p.
2005 3586 2081 3642 79
2105 3603 2130 3640 s
2243 3604 2384 3642 con-

277 3662 497 3718 iectura
536 3654 669 3730 περὶ
704 3660 933 3733 χορῶν,
975 3658 1212 3715 affertur
1248 3659 1464 3717 Aneed.
1503 3661 1690 3717 Bekk.
1731 3665 1949 3742 p.783.
2004 3659 2099 3720 Cf.
2138 3602 2383 3720 {chnei-

278 3737 401 3796 der.
445 3737 518 3795 de
556 3736 723 3793 fontt.
755 3735 934 3793 schol.
962 3736 1133 3792 Arist.
1144 3754 1219 3868 Β
1247 3740 1357 3794 109
1384 3752 1470 3810 sq.
1497 3737 1747 3795 Meinek.
1778 3737 1892 3800 del.
1914 3737 2066 3794 anth.
2094 3740 2280 3814 p.134
2294 3758 2382 3814 sq.

275 3819 316 3871 2
352 3832 451 3870 που
490 3821 675 3871 tamen
714 3819 897 3872 autnon
941 3819 1108 3888 putes
1202 3854 1218 3880 ,
1256 3829 1352 3869 nec
1393 3817 1579 3870 tamnen
1620 3833 1695 3871 cm
1733 3831 1847 3872 non
1884 3821 2045 3890 putes
2080 3816 2161 3884 R,
2201 3833 2299 3873 nec
2318 3819 2384 3872 τῖι

276 3909 353 3947 an
391 3907 500 3948 non
538 3897 699 3968 putes
736 3908 791 3964 g,
830 3907 897 3946 ne
935 3896 1116 3945 tamen
1155 3907 1270 3946 non
1306 3894 1468 3965 putes
1505 3910 1581 3947 111.
1621 3890 2096 3948 Emendationem
2135 3910 2251 3948 non
2288 3892 2379 3952 in-

273 3967 461 4025 venio.
597 3966 636 4023 4
672 3973 901 4044 postque
935 3966 1042 4023 hos
1076 3965 1151 4035 D,
1188 3972 1491 4044 postquam
1528 3968 1630 4025 hos
1664 3967 1775 4041 Rg.
1917 3966 2193 4027 decentior
2231 3970 2380 4026 coni.

276 4043 587 4101 Cauchius·
706 4044 741 4102 5
779 4045 961 4119 magis
999 4059 1166 4117 quam
1201 4061 1276 4100 m.
1395 4045 1429 4097 6
1470 4041 1537 4102 de
1574 4042 2022 4101 nominerifltmi
2038 4045 2112 4112 R,
2151 4043 2217 4103 de
2234 4045 2381 4103 rith-

271 4123 386 4178 παῖε
425 4140 481 4197 g.
597 4121 636 4179 7
673 4119 763 4180 De
802 4118 1179 4191 Rhythmonio
1219 4119 1358 4176 nihil
1398 4137 1461 4178 se
1503 4122 1650 4178 scire
1686 4120 1984 4199 professus
2012 4131 2101 4178 est
2124 4119 2379 4180 Lobeck.

273 4198 402 4277 Agl.
437 4219 502 4280 p.
524 4201 656 4257 326.
850 4201 887 4260 8
925 4203 978 4254 οι
1015 4196 1337 4256 ἰᾶηοηιοηαο
1369 4195 1457 4267 D,
1506 4205 1560 4256 et
1596 4193 1655 4256 id
1692 4213 1918 4257 nomene
1952 4197 2036 4268 R„
2091 4205 2144 4257 οι
2179 4197 2239 4258 m
2276 4218 2378 4258 πο-
