3025 4925
1075 419 1697 482 PROLEGOMENA.
2318 440 2444 478 xut

325 589 738 663 Paramesae
786 586 1129 686 nymphae
1180 585 1316 661 filio
1371 586 1647 684 Lycoro
1703 587 1807 684 (p.
1849 585 1972 677 91,
2002 584 2090 680 1)
2143 609 2442 660 narran-

323 726 456 805 tur,
510 717 815 812 quamvis
866 719 1120 813 inepta,
1168 724 1394 788 tamen
1448 715 1536 787 ad
1585 713 1894 789 Graecos
1946 724 2261 788 auctores
2314 738 2442 787 re-

323 843 614 916 ferenda
664 854 844 934 sunt,
897 854 969 917 et
1018 842 1315 917 fortasse
1352 841 1866 917 Nicocrates
1910 842 2026 916 ille
2057 841 2166 938 (p.
2191 841 2319 932 87,
2347 843 2438 934 8)

320 991 560 1043 omnes
613 970 823 1045 hasce
873 969 1137 1043 fabulas
1191 968 1479 1040 tradidit.

318 1097 634 1192 Denique
678 1119 852 1194 quae
904 1099 992 1171 de
1047 1099 1393 1169 metrica
1446 1091 1867 1191 'disputantur
1921 1095 2005 1168 ab
2060 1097 2439 1190 antiquiore

319 1233 600 1296 auctore
636 1226 844 1319 petita
891 1246 1074 1314 esse,
1117 1223 1233 1296 vel
1276 1222 1437 1295 inde
1473 1220 1850 1297 verisimile
1896 1231 2027 1313 est,
2066 1222 2241 1318 quod
2286 1231 2439 1294 tra-

158 1379 179 1392 ·
317 1352 628 1443 gicorum
668 1352 1090 1445 antiquorum
1118 1372 1366 1424 versus
1390 1348 1571 1421 haud
1597 1371 1854 1446 paucos
1891 1348 2003 1422 hic
2045 1349 2232 1424 solus
2275 1371 2440 1423 ser-

316 1478 533 1566 vavit,
575 1499 799 1571 neque
829 1479 1233 1573 scriptorem
1269 1475 1603 1549 Lucano
1645 1478 2102 1550 recentiorem
2143 1475 2435 1549 adhibet.

315 1603 491 1675 Eum
519 1612 868 1676 auctorem
896 1602 1284 1677 Caesium
1309 1603 1654 1676 Bassum
1686 1601 2154 1677 esseLachm
2175 1624 2436 1676 annus

317 1732 723 1825 suspicatur,
757 1734 869 1827 qui
921 1730 1078 1804 alibi
1122 1731 1504 1804 accuratius
1549 1731 1636 1803 de
1677 1731 1807 1803 hac
1846 1754 1926 1804 re
1968 1730 2266 1804 dicturus
2308 1739 2433 1804 est.

468 1856 668 1942 Quod
721 1880 925 1954 supra
979 1858 1146 1948 dixi,
1201 1857 1478 1934 codices
1523 1856 1889 1931 Censorini
1927 1858 2133 1932 hodie
2175 1880 2432 1953 super-

315 1984 507 2054 stites
575 2005 668 2054 ex
722 2006 859 2056 uno
926 1984 1308 2077 eodemque
1374 1983 1618 2056 codice
1682 1985 2029 2059 derivatos
2100 2006 2297 2074 esse,
2362 1984 2433 2085 id

312 2135 451 2184 non
507 2136 592 2186 eo
647 2108 833 2200 solo,
889 2109 1068 2204 quod
1126 2110 1304 2200 dixi,
1368 2120 1770 2204 argumento
1824 2121 2123 2202 constat,
2188 2134 2434 2185 verum

309 2250 785 2335 praeterquam
837 2237 1018 2335 quod
1070 2237 1348 2311 codices
1401 2238 1472 2310 in
1523 2237 1930 2312 lectionibus
1999 2238 2260 2335 lacunis
2316 2249 2433 2311 at-

309 2389 440 2460 que
483 2363 1113 2462 interpolationibus
1163 2387 1446 2460 prorsus
1485 2364 1641 2440 fere
1693 2368 2149 2456 consentiunt,
2189 2387 2429 2440 omnes

308 2498 508 2566 etiam
565 2494 730 2568 folia
782 2493 1115 2587 quaedam
1180 2495 1249 2564 in
1302 2495 1575 2589 antiquo
1628 2492 1742 2567 illo
1798 2493 2042 2569 codice
2091 2514 2430 2591 perverse

308 2622 632 2717 disposita
672 2643 890 2716 pravo
927 2619 1060 2693 hoc
1099 2620 1344 2695 ordine
1390 2622 1733 2716 descripta
1766 2629 2149 2696 servarunt.
2229 2621 2430 2707 Quod

309 2769 460 2821 cum
499 2750 787 2843 primum
817 2747 1414 2820 animadvertisset
1452 2743 1722 2838 Carrio,
1758 2749 2118 2821 maximam
2158 2747 2429 2842 quidem

306 2885 568 2972 partem
621 2883 813 2946 recte
867 2876 1314 2967 transposuit,
1378 2895 1650 2946 omnem
1711 2896 1886 2947 vero
1951 2873 2428 2964 confusionem

305 3002 605 3075 nondum
661 2998 949 3089 sustulit,
1004 2999 1180 3093 quod
1235 3021 1415 3075 nunc
1466 2999 1740 3075 tandem
1793 3001 2042 3074 factum
2098 3012 2223 3075 est.

304 3130 585 3202 Etenim*
629 3130 699 3199 in
753 3125 950 3200 codd.
1007 3124 1318 3201 omnihus
1369 3126 1619 3221 legitur

531 3279 597 3350 p.
634 3253 756 3345 14,
789 3254 835 3327 6
888 3254 1135 3329 visum
1183 3252 1367 3328 est*
1417 3277 1610 3355 quac
1653 3254 2089 3335 dissensio*
2125 3255 2421 3358 definite

1318 3406 1401 3455 se
1444 3386 1646 3456 scire
1699 3380 2105 3457 Alcmaeon
2157 3394 2313 3457 cett.

301 3516 471 3578 tum:
523 3531 588 3601 p.
627 3506 750 3599 17,
780 3508 824 3579 7
874 3513 1233 3605 futurum
1279 3509 1324 3552 ὓ
1390 3509 1482 3584 de
1546 3513 2101 3611 confirmatione
2164 3519 2418 3587 autem

531 3641 536 3646 ’
1310 3646 1592 3733 partus·
1644 3639 1874 3713 nihilo
1921 3642 2174 3715 minus
2204 3638 2249 3681 ὓ

296 3769 453 3855 post
502 3782 676 3855 quae
730 3763 949 3835 statim
1004 3772 1374 3857 sequuntur

295 3910 359 3981 p.
388 3886 517 3977 35,
536 3886 582 3957 9
621 3890 700 3961 in
720 3890 972 3985 prima
997 3889 1443 3967 hebdomade
1486 3934 1570 3945 -—-
1610 3916 1675 3990 p.
1702 3892 1829 3983 46,
1847 3892 1942 3967 13
1967 3897 2413 3992 frequentes

295 4013 545 4089 deinde

293 4164 356 4236 p.
389 4140 510 4233 17,
526 4141 578 4213 8
603 4151 955 4237 superest
982 4142 1232 4216 dicere
1270 4185 1359 4199 -
1400 4167 1464 4240 p.
1484 4144 1613 4238 35,
1631 4147 1677 4218 9
1703 4168 2148 4246 coynoscerc
2174 4145 2410 4223 datur
