3025 4925
602 412 677 466 12
1196 404 1308 468 DE
1346 405 1476 465 Dm:
1515 406 1810 467 NATALI
1852 408 2020 469 ΕΑΓ.
2046 412 2104 471 4.

601 566 986 648 admmicuio
1045 567 1238 635 divini
1291 568 1486 658 ignis,
1539 567 1607 637 id
1659 578 1759 637 est
1811 569 1919 637 dei
1962 570 2403 662 providentia,
2439 575 2709 663 genitos.

597 680 900 774 Denique
945 683 1155 750 etiam·
1179 680 1378 774 vulgo
1420 682 1741 751 creditum
1785 693 1914 766 est,
1955 693 2031 754 ut
2070 682 2361 777 plerique
2403 686 2711 776 genealo-
2739 698 2818 751 11

598 819 725 887 goe
765 806 1063 866 auctores
1106 806 1274 880 sunt,
1319 797 1722 888 quarundam
1766 801 2083 891 gentium,
2128 821 2293 892 quae
2335 824 2423 869 ex
2466 801 2711 870 adven-

598 912 751 980 ticia
788 912 986 1003 stirpe
1030 935 1161 985 non
1204 914 1351 995 sint,
1392 913 1713 1004 principes
1758 915 2110 1005 terrigenas
2155 938 2328 999 esse,
2373 925 2445 984 ut
2484 917 2551 984 in
2592 919 2714 984 At-

547 1055 574 1094 5
601 1028 727 1096 tica
771 1036 837 1095 et
877 1026 1156 1095 Arcadia
1199 1026 1687 1120 Thessaliaque,
1729 1051 1973 1120 eosque
2019 1028 2485 1099 autochthonas
2530 1032 2711 1099 voci-

597 1152 836 1211 tarunt.
923 1140 994 1210 In
1035 1141 1213 1210 Italia
1256 1143 1491 1233 [poeta
1540 1143 1805 1231 cecinit]
1858 1143 2196 1236 Nymphas
2247 1145 2712 1237 indigenasque

596 1256 862 1326 Faunos
906 1279 1173 1325 nemora
1218 1256 1537 1351 quaedam
1581 1258 1863 1326 tenuisse
1905 1280 2039 1326 non
2083 1258 2336 1328 difficile
2377 1259 2553 1327 rudis
2594 1282 2712 1327 an-

599 1372 926 1463 tiquorum
970 1372 1314 1441 credulitas
1357 1372 1620 1462 recepit.
1703 1372 1900 1441 Nunc
1930 1396 2086 1443 vero
2121 1397 2200 1443 eo
2233 1374 2532 1442 licentiae
2551 1396 2713 1465 poe·
2739 1394 2824 1448 12

601 1487 733 1556 tica
784 1489 1102 1578 processit
1151 1486 1379 1572 libido,
1433 1499 1505 1557 ut
1557 1490 1671 1557 vix
1724 1491 1946 1558 auditu
1998 1488 2263 1557 ferenda
2326 1486 2716 1579 confingant,

526 1627 584 1667 ιο
606 1610 759 1693 post
807 1599 1141 1670 hominum
1193 1604 1575 1671 memoriam
1626 1605 2069 1696 progeneratis
2122 1604 2254 1670 iam
2304 1601 2603 1694 gentibus
2645 1612 2716 1670 et

597 1715 858 1784 urbibus
900 1716 1174 1785 conditis
1215 1715 1513 1787 homines
1560 1742 1598 1787 e
1640 1729 1809 1788 terra
1834 1718 2101 1786 diversis
2145 1716 2355 1785 modis
2385 1716 2611 1798 editos,
2638 1725 2714 1785 ut

595 1832 664 1898 in
707 1831 921 1900 Attica
961 1832 1166 1901 fertur
1208 1833 1477 1921 regione
1519 1831 1973 1902 Erichthonius
2019 1856 2105 1901 ex
2145 1831 2426 1900 Vulcani
2464 1833 2714 1900 semine

597 1945 796 2014 humo
842 1956 1128 2030 exortus,
1172 1957 1242 2015 et
1279 1946 1685 2016 inColchide
1727 1947 1837 2015 vel
1867 1946 2139 2015 Boeotia
2180 1947 2443 2015 consitis
2483 1946 2714 2037 anguis

600 2061 894 2132 dentibus
942 2061 1171 2130 armati
1212 2071 1512 2154 spartoe‚
1572 2087 1610 2131 e
1655 2062 1884 2155 quibus
1924 2070 2150 2128 mutua
2189 2060 2392 2130 caede
2429 2062 2599 2129 inter
2636 2084 2712 2138 se

524 2207 576 2248 ιε
602 2179 847 2246 necatis
890 2177 1082 2267 pauci
1125 2199 1467 2267 superasse
1510 2175 1865 2259 traduntur,
1912 2177 2020 2266 qui
2060 2176 2127 2242 in
2170 2173 2431 2243 conditu
2451 2173 2709 2250 Theba-

597 2314 744 2360 rum
789 2289 1039 2358 Cadmo
1086 2290 1321 2358 fuerint
1363 2289 1756 2374 adiumento,
1798 2313 1924 2358 nec
1965 2312 2098 2357 non
2139 2291 2206 2358 in
2251 2312 2405 2382 agro
2435 2290 2712 2382 Tarqui·
2738 2301 2820 2354 13

593 2490 632 2543 2
670 2452 1047 2575 genealogiae
1080 2559 1093 2574 .
1164 2484 1201 2541 5
1242 2472 1643 2572 αὖτόχθιζνας
1682 2482 1945 2539 vocitari:
1988 2490 2050 2538 ut
2088 2483 2148 2539 in
2186 2481 2351 2539 Italia
2389 2490 2566 2572 poeta
2605 2501 2704 2540 ce-

594 2563 732 2619 cimt
770 2603 778 2611 ,
861 2564 899 2618 8
937 2568 1202 2638 poeticae
1335 2564 1372 2620 9
1411 2557 1610 2616 lubido
1744 2563 1820 2617 12
1857 2558 2102 2616 Volcani
2221 2562 2294 2617 13
2336 2561 2422 2617 vel
2463 2577 2521 2615 m
2559 2558 2716 2618 Boe.

594 2638 670 2697 14
709 2637 912 2694 armati
950 2645 1150 2715 partus
2629 2682 2634 2689 .

596 2824 625 2878 1
671 2818 826 2894 tynis
861 2824 914 2874 et
952 2813 1042 2873 dei
1077 2834 1152 2874 m.
1251 2818 1290 2872 2
1327 2814 1692 2890 genealoyiae
1726 2813 1912 2891 DRgl,
1952 2816 2116 2890 genio
2158 2814 2337 2889 logice
2375 2812 2504 2871 cod.
2547 2811 2707 2891 apud

594 2895 797 2955 Barth.
824 2895 863 2953 l.
891 2893 931 2951 l.
970 2890 1215 2951 Emend.
1236 2891 1621 2962 Lachmann„
1673 2891 1749 2950 cf.
1787 2899 2021 2969 sparteo
2051 2891 2109 2959 4,
2138 2895 2233 2950 12.
2287 2888 2710 2949 stadiodromon

599 2973 693 3043 14,
711 2975 768 3033 5.
793 2972 1059 3030 crisimon
1077 2969 1239 3037 14‚9.
1263 2968 1590 3047 prosslenoa
1614 2970 1776 3037 19‚5.
1856 2973 1894 3027 3
1922 2966 2254 3027 adducticia
2271 2967 2348 3024 la.
2426 2966 2464 3023 4
2489 2971 2630 3024 sunt
2644 2985 2706 3042 g.

600 3051 857 3126 terrigia.
896 3048 982 3117 R,
1034 3049 1456 3121 mimasque
1492 3064 1549 3121 g.
1753 3047 1788 3105 5
1829 3043 2077 3103 αιιεοσιλ.
2117 3044 2256 3113 DR,
2307 3050 2594 3103 auctoton.
2647 3061 2707 3118 g,

602 3127 865 3187 meliton.
903 3125 943 3183 l.
1096 3124 1347 3181 vocitari
1380 3128 1448 3178 ut
1483 3122 1652 3198 DRg,
1687 3122 1890 3180 vocari
1921 3127 1992 3178 ut
2029 3121 2106 3180 la.
2146 3123 2476 3179 vocitarunt
2511 3119 2705 3177 Lach-

600 3222 793 3263 mann.
948 3203 984 3258 6
1021 3206 1193 3277 poeta
1228 3200 1447 3270 oecinit,
1488 3198 1646 3276 quod
1685 3199 1747 3255 in
1784 3197 1957 3256 codd.
1998 3206 2202 3266 exstat,
2242 3216 2280 3255 a
2318 3196 2497 3254 sciolo
2537 3195 2705 3254 adie-

603 3289 755 3339 ctum
793 3295 941 3346 esse,
983 3277 1081 3353 qui
1116 3283 1319 3333 notare
1357 3275 1535 3333 voluit
1572 3275 1863 3352 respicere
1907 3275 2285 3333 Censorinum
2313 3273 2533 3348 Vergil.
2559 3274 2705 3331 Aen.

600 3347 755 3426 Vssl,
781 3355 912 3424 314,
950 3352 1230 3412 intellexit
1264 3351 1496 3409 Modius
1537 3352 1691 3410 lectt.
1731 3359 1960 3409 novant.
2002 3371 2095 3429 ep.
2127 3353 2223 3411 56.
2302 3354 2372 3409 In
2397 3349 2601 3420 Italia,
2638 3357 2709 3409 ut

601 3442 767 3512 posta
803 3451 910 3491 ces.
951 3428 1545 3510 transposuit-Barth.
1585 3428 1749 3486 advv.
1789 3428 1920 3495 XV,
1953 3434 2008 3488 9.
2107 3425 2327 3503 symph.
2347 3425 2423 3483 D.
2444 3429 2523 3483 N.
2546 3425 2710 3483 indi·-

598 3517 749 3588 φωρ
790 3514 1127 3584 Faunosque
1163 3506 1309 3564 coni.
1354 3505 1663 3563 Cauchius.
1787 3508 1827 3563 7
1866 3502 2135 3577 difficiles
2173 3505 2249 3572 la,
2289 3499 2553 3575 difficilis
2685 3544 2705 3561 .

569 3605 717 3647 -m
751 3585 882 3646 rua.
921 3604 976 3662 g.
1120 3588 1158 3643 8
1195 3582 1326 3642 mo
1361 3598 1494 3640 vero
1533 3582 1682 3640 coni.
1721 3580 2074 3639 Lachmann.
2224 3582 2479 3657 poeticae
2513 3520 2705 3656 Dffl.

603 3682 750 3724 corr.
789 3663 1009 3721 Manut.
1202 3666 1239 3719 9
1279 3655 1684 3734 (ποιοίηᾶκιιραηῠ
1723 3654 1892 3736 (ras.)
1905 3658 1979 3716 D.
2017 3655 2307 3733 confinyat
2341 3657 2562 3714 Manat.

603 3746 681 3802 12
715 3739 1117 3800 Ericessoonius
1152 3738 1227 3795 D.
1346 3737 1421 3794 13
1457 3735 1627 3794 homo
1663 3736 1797 3812 Rgl.
1912 3735 2004 3793 vel
2038 3738 2102 3793 in
2137 3738 2330 3793 Boset.
2366 3733 2500 3809 glm.
2541 3732 2708 3791 Solet

603 3816 856 3878 secundo
880 3817 1012 3875 loco
1039 3815 1297 3873 omittere
1321 3812 1810 3891 praepositionem
1829 3812 2200 3880 Censorinus,
2228 3809 2303 3868 cf.
2332 3812 2389 3879 5,
2404 3814 2462 3867 2.
2492 3814 2584 3878 11,
2607 3813 2704 3868 12.

602 3901 695 3964 12,
714 3896 769 3955 4.
811 3898 903 3962 17,
922 3894 979 3951 4.
1021 3895 1115 3960 22,
1134 3895 1227 3950 12.
1386 3889 1461 3948 14
1501 3891 1716 3948 amati
1752 3894 2043 3965 spon-toton
2077 3888 2206 3956 DR,
2245 3888 2490 3944 armatis
2525 3902 2704 3961 spar-

599 3980 757 4032 tatoe
793 3991 859 4050 g,
899 3970 1142 4029 annatis
1221 3973 1439 4027 ortator
1477 3967 1499 4023 l
1515 4007 1534 4036 ,
1583 3970 1798 4025 armati
1833 3970 2063 4041 patum
2101 3984 2147 4022 r.
2187 3962 2432 4022 Emend.
2465 3962 2509 4018 1.
2553 3963 2701 4018 Gui-

598 4049 821 4108 lielmus
864 4047 1105 4106 verisim.
1144 3985 1240 4114 Ill,
1278 4047 1334 4105 5.
1379 4043 1601 4103 Carrio.
1806 4046 1950 4100 mut.
1990 4044 2138 4099 inte-r
2174 4059 2234 4098 se
2271 4037 2436 4097 caedo
2469 4038 2548 4114 gl.

599 4127 674 4185 15
715 4123 943 4184 condita
980 4123 1116 4182 edd.
1158 4131 1292 4182 vett.
1335 4121 1453 4182 def.
1481 4121 1696 4180 Meurs.
1733 4120 1857 4178 crit.
1884 4118 2095 4177 Arnob.
2122 4118 2220 4186 IV,
2250 4122 2343 4176 10.
2473 4120 2545 4175 16
2570 4112 2706 4187 fue-

593 4208 732 4263 runt
769 4200 844 4279 gl.
