3025 4925
586 383 664 444 24
1137 399 1147 407 ·
1187 374 1293 434 DE
1331 373 1462 432 DIE
1501 375 1794 434 NATALI
1835 376 2001 437 CAP.
2025 382 2118 438 10.

586 540 1070 611 concordabiles
1111 540 1178 606 in
1221 546 1417 607 cantu
1457 536 1736 606 reddunt
1777 539 2060 606 effectus
2146 539 2237 609 Ut
2267 538 2516 608 litterae
2546 562 2704 609 nos-
2733 547 2773 604 5

586 668 757 739 trae,
817 657 872 723 si
913 657 1079 723 inter
1132 677 1204 721 se
1258 653 1500 744 passim
1550 655 1897 744 iungantur
1949 662 2015 721 et
2065 676 2197 722 non
2247 666 2707 746 congruenter,

588 793 786 862 saepe
827 793 953 838 nee
993 769 1209 837 verbis
1264 789 1387 835 neo
1442 765 1704 856 syllabis
1760 767 2134 858 copulandis
2198 771 2706 854 concordabunt,

588 889 681 955 sic
721 889 788 953 in
828 887 1080 952 musica
1124 882 1442 975 quaedam
1486 892 1663 950 certa
1718 893 1870 950 sunt
1915 883 2251 953 intervalla
2304 909 2471 979 quae
2522 909 2707 977 sym-

537 1028 564 1068 5
591 1002 862 1093 phonias
916 1000 1166 1090 possint
1221 996 1493 1065 efficere.
1588 995 1710 1064 Est
1748 1007 1963 1065 autem
2004 1001 2386 1092 symphonia
2429 1001 2705 1068 duarum
2732 1006 2773 1060 6

586 1137 826 1183 vocum
880 1114 1231 1212 disparium
1286 1117 1454 1181 inter
1512 1135 1588 1179 se
1638 1113 1999 1183 iunctarum
2063 1108 2267 1185 dulcis
2326 1126 2701 1184 concentus.

586 1227 1028 1320 Symphoniae
1069 1228 1392 1319 simplices
1437 1251 1516 1295 ac
1558 1228 1805 1319 primae
1841 1240 1996 1297 sunt
2046 1241 2208 1315 tres,
2264 1233 2494 1324 quibus
2551 1231 2703 1299 reli-

589 1368 757 1437 quae
787 1353 1111 1428 constant3
1155 1367 1285 1411 una
1329 1343 1606 1410 duorum
1650 1352 1949 1412 tonorum
1989 1356 2055 1414 et
2095 1349 2417 1418 semitonii
2457 1345 2708 1415 habens

591 1456 952 1544 διάστημα,
997 1481 1164 1549 quae
1200 1467 1479 1526 vocatur
1515 1456 1627 1523 διὰ
1672 1455 2042 1549 τεσσάρων,
2085 1462 2209 1529 alia
2251 1464 2444 1530 trium
2487 1472 2557 1530 et
2598 1486 2707 1532 se-

516 1599 570 1638 ιυ
595 1576 872 1657 mitonii,
927 1596 1120 1664 quam
1172 1583 1414 1641 vocant
1472 1569 1589 1639 δισὶ
1632 1576 1854 1642 πέντεε
1916 1579 2104 1644 tertia
2145 1587 2247 1645 est
2298 1574 2414 1643 διὰ
2447 1575 2706 1660 πασῶν,

590 1692 772 1759 cuius
836 1684 1175 1776 διάστημα
1242 1690 1530 1758 continet
1591 1690 1752 1758 duas
1816 1694 2081 1781 priores.
2191 1701 2293 1761 est
2356 1694 2527 1760 enim
2595 1692 2704 1761 vel
2731 1699 2772 1754 7

590 1831 713 1874 sex
759 1815 1086 1884 tonorum,
1139 1814 1239 1870 ut·
1270 1804 1695 1872 Aristoxenus
1740 1789 2096 1897 musicique
2139 1806 2554 1889 adseverant,
2597 1807 2707 1876 vel

595 1923 876 2015 quinque
922 1929 987 1987 et
1029 1920 1304 1989 duorum
1345 1920 1851 2003 semitoniorum,
1893 1931 1967 1988 ut
1995 1920 2399 2013 Pythagoras
2442 1945 2718 2013 geome-

596 2048 892 2129 traeque‚
950 2038 1067 2125 qui
1118 2034 1564 2102 demonstrant
1608 2036 1689 2100 ll
1726 2037 2063 2104 semitonia
2115 2048 2340 2105 tonum
2382 2037 2712 2128 complete

518 2179 569 2219 ιε
596 2176 726 2219 non
760 2174 976 2242 posse.
1068 2173 1265 2241 quare
1291 2152 1484 2216 etiam
1516 2149 1883 2217 huiusmodi
1905 2151 2311 2219 intervallum
2335 2152 2525 2220 Plato
2553 2153 2716 2221 abu-

597 2268 736 2334 sive
785 2267 1187 2348 semitonion,
1233 2265 1491 2356 proprie
1535 2276 1752 2334 autem
1788 2260 2149 2351 διάλειμμα
2176 2266 2475 2357 appellat.
2513 2269 2711 2338 Nunc
2736 2281 2776 2335 8

595 2405 755 2450 vero
799 2391 874 2448 ut
913 2380 1154 2473 liquido
1201 2390 1511 2472 appareat
1554 2381 2098 2473 quemadmodum
2151 2405 2350 2451 voces
2407 2406 2534 2452 nec
2590 2384 2714 2452 sub

599 2497 826 2567 oculos
865 2520 990 2575 nec
1034 2496 1152 2567 sub
1194 2506 1441 2564 tactum
1472 2498 1780 2566 cadentes
1810 2496 2050 2567 habere
2082 2501 2331 2590 possint
2349 2522 2717 2583 mensuras,

602 2718 642 2781 4
682 2725 841 2776 certa
867 2715 1077 2792 quaed.
1195 2719 1233 2774 8
1320 2732 1374 2790 q.
1394 2713 1589 2773 hemit.
1706 2720 1742 2775 9
1765 2716 1949 2777 altera
2027 2721 2100 2776 15
2121 2716 2351 2774 Platoni
2474 2720 2547 2775 16
2570 2708 2716 2794 ἧμι-

496 2791 500 2795 ’
603 2785 830 2868 τόνων,
947 2788 1138 2860 δίεσις
1174 2791 1266 2849 vel
1329 2793 1516 2867 εΐμμα
1557 2791 1886 2873 adpellatur
2002 2797 2076 2851 17
2115 2801 2177 2849 ut
2216 2792 2436 2870 aliquid
2476 2796 2612 2875 adp.

606 2999 645 3057 4
686 3005 836 3056 certa
876 2996 1073 3075 quaed.
1115 2995 1192 3075 gl.
1348 3000 1385 3056 8
1424 2996 1535 3055 duo
1571 3004 1832 3055 tonorum
1868 2997 1942 3056 D.
2097 3003 2134 3058 9
2174 2990 2293 3058 alfa
2329 2999 2404 3070 D,
2443 2999 2622 3059 altera
2660 3019 2717 3077 g.

611 3081 687 3134 12
723 3076 993 3135 Arestooe.
1031 3075 1107 3133 D.
1162 3075 1534 3132 Aristoxenus
1583 3076 1923 3133 semitonion
1962 3078 2183 3154 putavit
2219 3080 2340 3135 toni
2375 3096 2507 3136 esse
2548 3078 2719 3135 dimi-³

614 3153 787 3222 dium,
825 3171 878 3210 v.
921 3152 995 3211 el.
1034 3153 1216 3213 harm.
1257 3152 1309 3207 Π
1346 3152 1521 3230 p.46‚
1564 3151 1721 3284 {⁸⁰⁶¹
1760 3161 2039 3228 negarunt
2078 3152 2192 3210 duo
2233 3155 2533 3212 semitonia
2572 3173 2722 3223 esse,

613 3231 796 3287 maius
838 3237 897 3286 et
933 3229 1139 3296 minus,
1181 3226 1528 3285 affirmantes
1616 3227 1932 3304 ythagorei,
1965 3229 2039 3286 cf.
2076 3229 2286 3287 Theon
2308 3231 2427 3288 Sm.
2452 3232 2521 3288 is.
2589 3273 2603 3289 .
2625 3235 2721 3290 82.

615 3310 748 3365 102.
788 3304 944 3363 Bull.
983 3306 1133 3364 Ptol.
1174 3305 1353 3361 harm.
1397 3310 1488 3363 10.
1540 3303 1749 3362 Boeth.
1789 3324 1936 3361 mus.
1977 3306 2018 3373 I,
2042 3309 2137 3363 33.
2176 3307 2271 3374 ΙΙΙ,
2303 3312 2332 3366 1
2360 3326 2488 3384 sqq.
2599 3310 2722 3365 ico-

614 3382 802 3443 mach.
842 3383 1022 3443 harm.
1062 3382 1132 3451 ΙΙ,
1169 3403 1231 3460 p.
1248 3386 1345 3444 27.
1518 3382 1592 3443 14
1633 3383 1730 3459 qui
1769 3401 1878 3439 om.
1917 3381 2141 3461 DRgla.
2182 3388 2281 3460 qui
2320 3384 2455 3445 add.
2500 3386 2756 3445 Carrio.=

615 3459 999 3518 dmonstrant
1035 3461 1180 3516 enim
1221 3457 1527 3516 Cauchius.
1569 3461 1674 3515 III
1708 3462 1888 3519 sentit.
1926 3458 2147 3535 DRgla.
2188 3465 2258 3518 ΙΙ
2293 3461 2387 3521 ed.
2423 3462 2590 3521 Rost.

619 3540 694 3596 15
719 3556 805 3612 sq.
830 3535 1062 3594 Platoni
1078 3569 1155 3576 —
1173 3534 1532 3611 appellatum
1555 3535 1755 3592 Carrio
1782 3544 1979 3592 contra
2004 3536 2175 3595 codd.
2281 3542 2353 3596 16
2375 3539 2725 3616 propriaeD.

620 3614 943 3672 deallimma
978 3613 1107 3680 DR,
1144 3613 1182 3669 i.
1224 3631 1276 3669 e.
1318 3603 1676 3685 διάλειμμα,
1720 3612 1874 3688 quod
1915 3615 2137 3692 scripsi,
2179 3633 2507 3692 quanquam
2529 3626 2727 3694 aperte

620 3691 832 3749 falsum
872 3700 1007 3748 est.-
1057 3689 1225 3746 diesis
1260 3687 1349 3746 vel
1388 3688 1533 3746 lima
1569 3688 1631 3766 gl
1648 3688 1817 3767 (luam
1838 3686 1930 3759 a),
1983 3691 2141 3766 quod
2177 3710 2252 3748 ex
2289 3693 2730 3770 interpolatione

623 3779 828 3826 ortum.
885 3767 979 3823 Cf.
1009 3766 1275 3823 Macrob.
1316 3765 1376 3821 in
1417 3765 1541 3823 Cic.
1582 3785 1763 3823 somn.
1803 3766 1901 3825 Sc.
1941 3767 2011 3835 11,
2039 3772 2103 3826 1:
2153 3768 2328 3826 Plato
2375 3772 2732 3828 semitonium

628 3845 829 3902 lienum
876 3845 1169 3911 vocitavit.
1225 3842 1582 3899 Censorinus
1618 3843 1875 3904 Platonis
1924 3845 2115 3921 potius
2165 3847 2507 3923 interpretes
2558 3865 2732 3923 quam
2846 3852 2864 3861 ‘

628 3924 817 4000 ipsum
855 3920 1157 3977 Platonem
1195 3928 1328 3976 ante
1369 3918 1568 3977 oculos
1606 3920 2155 3989 habuisse-videtur,
2172 3922 2296 4056 63⁴1,st
2333 3922 2491 3978 nullo
2519 3923 2730 3980 horum

633 3998 1036 4056 vocabulorum
1076 4016 1213 4054 usus
1252 4005 1359 4054 est.
1593 4001 1667 4056 17
1705 3996 1908 4073 liquide
1943 4000 2015 4066 R,
2056 3997 2170 4073 liqu
2299 3998 2444 4073 Dgl,
2483 4009 2547 4056 ut
2584 4018 2729 4058 corr.

627 4074 951 4132 Markland.
993 4073 1069 4132 a'd
1098 4074 1246 4132 Stat.
1272 4073 1396 4131 silv.
1436 4074 1506 4143 11,
1529 4078 1585 4142 3,
1606 4077 1701 4133 55.
1835 4092 2291 4151 news—mque
2326 4077 2403 4152 gl.
2524 4081 2598 4135 18
2635 4093 2732 4137 oa-

625 4151 805 4213 dentis
841 4149 916 4207 D.
1070 4153 1249 4227 possit
1283 4148 1357 4208 D.
