3025 4925
1052 413 1672 482 PROLEGOMENA.
2294 438 2416 476 xxx

306 577 1237 654 tavitEiohenfelderus.
1312 536 2008 656 AlterBernensis
2046 590 2152 656 est
2188 605 2415 656 mem-

305 706 685 782 branaceus
750 705 971 779 forma
1033 709 1326 780 maxima
1392 709 1683 803 scriptus
1753 732 1932 783 anno
1993 709 2240 800 MIHI,
2305 714 2418 807 qui

307 833 536 908 ultimo
589 832 758 908 folio
788 833 1014 920 ,hahet
1051 833 1415 927 fragmenti
1451 858 1510 932 o.
1551 834 1887 927 V-V111‚
1925 857 2130 932 supra
2168 840 2421 933 scripto

306 987 532 1059 titulo:
616 983 755 1060 Ex
821 987 1007 1061 libro
1077 961 1492 1061 Censor-imi
1556 987 1648 1060 de
1708 991 2188 1085 geometrica.
2292 990 2420 1077 Qui

306 1117 378 1186 in
432 1135 742 1186 errorem
776 1115 1059 1187 'induxit
1105 1095 1470 1188 Sinnerum
1526 1113 1760 1206 (catal.
1815 1115 1848 1187 Ι
1901 1138 1964 1211 p.
1996 1115 2144 1187 297
2173 1139 2271 1210 sq.
2330 1117 2417 1189 ef.

311 1238 640 1313 Seebodii
691 1240 851 1314 bibl.
909 1243 1055 1313 crit.
1111 1265 1169 1312 a.
1214 1240 1411 1312 1829
1448 1264 1514 1311 n.
1555 1240 1734 1336 61),
1796 1251 1869 1313 ut
1913 1240 2046 1314 hoc
2094 1243 2420 1316 ineditum

308 1365 760 1461 fragmentum
816 1391 909 1439 ex
943 1367 1308 1440 Censorini
1359 1367 1535 1441 libro
1590 1368 1813 1464 aliquo
1863 1367 2219 1465 deperdito
2262 1390 2421 1443 esse

306 1502 591 1590 putaret.
698 1491 945 1566 Varias
994 1493 1327 1566 lectiones
1371 1496 1531 1589 ipse
1585 1498 1883 1568 enotavi.

456 1622 625 1695 Post
653 1607 1061 1694 Carrionem'
1090 1643 1127 1691 a
1170 1619 1355 1693 nullo
1400 1620 1733 1694 editorum
1773 1621 2006 1691 critica
2047 1629 2196 1692 arte
2223 1619 2421 1693 Cen-

308 1751 579 1821 sorinus
646 1756 968 1822 tractatus
1039 1756 1145 1821 est
1176 1745 1286 1841 *).
1409 1745 2107 1840 Lindenhrogius
2163 1747 2422 1821 duabus

310 1874 715 1948 editionibus
747 1898 806 1945 a.
841 1872 1058 1948 1624.
1094 1872 1290 1944 1642
1330 1877 1508 1945 enim
1550 1873 1635 1945 ad
1684 1872 2157 1968 explicandum
2192 1878 2424 1970 scrip-

307 2011 527 2075 torem
594 2000 796 2071 multa
863 2000 1135 2095 quidem
1198 2004 1524 2092 corrasit,
1577 1999 1663 2071 ad
1717 1999 2212 2071 emendandum
2262 2000 2427 2072 nihss

311 2128 609 2201 contulit.
663 2130 732 2199 in
788 2127 1089 2199 editione
1145 2125 1848 2220 cantabrigiensi
1900 2148 1960 2196 a.
2013 2125 2209 2199 1695
2264 2127 2429 2199 nihil

312 2256 605 2327 accessit
656 2262 932 2350 praeter
984 2255 1287 2327 virorum
1354 2253 1774 2350 quorundam
1840 2252 2191 2326 doctorum
2246 2275 2427 2327 oon—

310 2380 524 2453 leotas
578 2384 1041 2471 coniecturas3
1087 2383 1157 2452 in
1211 2380 1511 2452 editione
1564 2378 2309 2477 Haverkampianu
2363 2399 2423 2450 a.

316 2508 514 2581 1743
569 2511 807 2580 variae
869 2506 1201 2580 lectiones
1267 2506 1524 2580 codicis
1578 2507 1935 2580 Leidensis
1986 2516 2240 2579 tantum
2294 2506 2432 2579 ad-

316 2635 496 2707 ditae
558 2644 753 2725 sunt3
821 2633 1229 2708 Goetzius
1297 2633 1411 2725 (a.
1460 2634 1679 2706 1742.
1738 2634 1999 2729 1744)
2072 2643 2297 2705 autem
2361 2642 2430 2707 et

317 2760 747 2834 Gruberus
800 2759 917 2855 (a.
959 2760 1180 2833 1805.
1226 2758 1478 2851 1810)
1551 2759 1766 2835 verba
1833 2762 2186 2856 scriptoris
2252 2763 2428 2857 turpi

310 2888 746 2982 neglegentia
784 2876 1296 2981 depravarunt.
1433 2885 1484 2957 I.
1540 2887 1629 2958 A.
1683 2887 1772 2957 M.
1839 2886 2186 2978 Nagelii
2250 2908 2427 2982 pro-

312 3039 614 3110 gramma
652 3014 804 3087 looa
853 3013 1182 3109 quaedam
1231 3010 1598 3085 Censorini
1636 3011 2033 3102 emendam,
2080 3013 2256 3107 quod
2287 3014 2429 3085 Al-

314 3141 468 3215 torfi
502 3165 562 3214 a.
600 3141 797 3214 1759
836 3139 1216 3229 Gruberus‚
1248 3161 1309 3210 a.
1340 3138 1538 3210 1729
1570 3128 1897 3212 excusum
1926 3158 2086 3212 esse
2102 3138 2429 3215 Schwei—

318 3292 528 3365 gerus
582 3269 825 3356 tradit,
893 3270 964 3339 in
1019 3265 1314 3339 Gruberi
1379 3266 1682 3339 editione
1741 3268 2101 3361 repetitum
2167 3267 2437 3362 iegitur.

395 3471 450 3542 *)
489 3471 739 3546 Erycii
776 3470 1090 3527 Puteani
1137 3470 1444 3528 editionem
1484 3487 1539 3526 a.
1581 3473 1763 3536 1628,
1817 3488 1985 3546 quam
2037 3470 2332 3528 Fabricius
2374 3481 2432 3529 et

476 3548 872 3620 Schweigerus
914 3546 1170 3614 laudant,
1220 3566 1334 3602 non
1372 3544 1507 3602 vidi.
1601 3546 1845 3624 Scripsit
1883 3548 1931 3603 is
1974 3564 2122 3603 anno
2162 3546 2314 3604 1642
2355 3549 2432 3605 ad

477 3626 553 3680 G.
594 3626 639 3681 1.
681 3624 981 3679 vossium:
1032 3624 1227 3681 Ausus
1273 3626 1650 3683 amoenitatis
1699 3640 1871 3681 causa
1918 3626 2090 3683 etiam
2141 3625 2433 3683 Censorini

474 3700 539 3757 de
588 3699 675 3756 die
721 3698 915 3755 natali
963 3697 1166 3755 librum
1213 3698 1497 3773 explicare
1547 3696 1661 3770 (G.
1701 3696 1744 3756 Ι.
1788 3698 1959 3755 Voss·
2014 3718 2150 3776 epp.
2200 3700 2341 3767 345,
2381 3701 2432 3755 11

474 3798 534 3855 p.
554 3771 718 3848 260).
801 3776 875 3831 G.
917 3775 1164 3831 vossii
1213 3775 1317 3830 filii
1356 3772 1787 3833 emendationes
1827 3776 1888 3832 in
1927 3776 2222 3833 Valerium
2257 3777 2430 3832 Flac·
2543 3778 2554 3791 ⁸

476 3873 604 3909 cum
645 3863 702 3908 et
745 3851 1124 3909 Censorinum
1161 3870 1268 3929 pro
1313 3850 1502 3907 ediem
1554 3853 1738 3908 lucem
1789 3853 2005 3907 visuras
2058 3870 2187 3909 esse
2238 3855 2433 3910 scribit

477 3951 530 3987 a.
561 3932 712 3988 1637
742 3936 920 4005 pater
948 3930 1110 4005 (epp.
1140 3871 1309 3986 30:3¹1J
1328 3946 1388 4004 p.
1411 3923 1572 3996 327),
1614 3927 1770 4002 quod
1810 3946 1884 3984 an
1923 3928 2137 3984 factum
2177 3928 2250 3984 sit
2293 3942 2428 3986 nes-

477 4008 585 4063 cio.
664 4006 854 4062 Etiam
904 4004 1141 4061 Ianum
1191 4004 1647 4078 Rutgersium
1704 4004 1777 4060 de
1828 4002 2055 4060 edendo
2111 4004 2430 4063 Censorino

478 4085 760 4158 cogitasse
803 4081 970 4137 docet
1012 4080 1339 4138 Casauboni
1392 4078 1463 4135 ad
1508 4097 1639 4135 eum
1679 4079 1925 4157 epistola
1972 4078 2124 4151 (840
2163 4103 2219 4159 p.
2250 4082 2428 4150 506):

479 4164 552 4216 1η
591 4161 804 4216 Seneca
841 4164 897 4214 et
942 4158 1246 4217 Censorino
1287 4155 1436 4214 nihil
1471 4162 1526 4212 te
1561 4173 1792 4232 possum
1829 4154 2120 4214 adiuvare.
