3025 4925
602 381 639 433 6
1207 370 1313 427 DE
1348 366 1479 426 Dm:
1520 362 1811 424 NATALI
1855 366 2021 426 CAP.
2047 373 2106 425 2.

601 538 863 628 pissime
916 533 1111 601 facias
1166 538 1441 621 exopto,
1485 531 1578 610 et',
1644 525 1817 621 quod
1858 526 2034 595 idem
2071 527 2426 619 subiungit,
2471 527 2716 595 funde

603 671 669 717 m
685 671 905 719 erum
949 650 1202 741 genio.

774 759 899 833 Hic
934 764 1199 831 forsitan
1244 762 1383 855 quis
1429 767 1696 852 quaerat
1735 759 1893 850 quid
1933 781 2173 829 causae
2213 760 2298 827 sit
2342 769 2415 826 ut
2458 779 2718 828 merum
2738 776 2783 829 2

598 877 1004 950 *fundendum
1046 879 1258 971 genio,
1298 898 1431 944 non
1473 873 1684 942 hostia
1728 875 2090 942 faciendum
2132 876 2468 966 putaverit.
2540 876 2716 967 qnod
2831 967 2838 970 Λ

550 1023 583 1066 s
608 997 870 1080 seilicet,
908 1004 984 1063 ut
1024 995 1234 1063 Varro
1293 999 1565 1059 testatur
1613 990 1684 1057 in
1726 1012 1805 1057 eo
1846 989 2008 1058 libro
2052 992 2159 1059 cui
2198 990 2422 1060 titulus
2463 1000 2563 1059 est
2599 991 2718 1058 At—

604 1112 769 1181 ticus
812 1117 882 1178 et
922 1120 1023 1179 est
1065 1108 1149 1176 de
1187 1107 1492 1187 numeris,
1530 1105 1596 1172 id
1619 1105 1814 1172 moris
1842 1107 2236 1197 institutique
2257 1103 2535 1173 maiores
2563 1123 2726 1173 nos-2

580 1229 688 1302 xtri
754 1233 1130 1307 tenuerunt,
1183 1232 1287 1306 ut,
1341 1242 1493 1290 eum
1562 1220 1666 1288 die
1716 1219 1918 1288 natali
1965 1243 2204 1292 munus
2254 1220 2487 1290 annale
2523 1222 2720 1314 genio

608 1340 965 1424 solverent,
1008 1360 1273 1407 manum
1320 1359 1357 1404 a
1404 1335 1606 1404 caede
1660 1357 1738 1404 ac
1788 1337 2101 1428 sanguine
2153 1336 2578 1421 abstinerent,
2630 1359 2724 1407 ne

611 1458 716 1525 die
771 1479 899 1549 qua
954 1457 1078 1547 ipsi
1117 1453 1331 1523 lucem
1374 1452 1777 1542 accepissent
1817 1449 1955 1520 aliis
1997 1452 2347 1520 demerent.
2443 1451 2721 1544 denique
2746 1471 2785 1525 3

536 1600 590 1640 ιο
613 1569 765 1641 Deli
802 1571 886 1638 ad
923 1569 1237 1666 Apollinis
1282 1567 1589 1660 genitoris
1634 1589 1830 1650 aram,
1873 1576 1947 1633 ut
1987 1565 2294 1634 Timaeus
2336 1577 2568 1636 auctor
2604 1578 2724 1652 est,

610 1707 807 1755 nemo
849 1684 1128 1754 hostiam
1171 1684 1397 1751 caedit.
1494 1680 1660 1749 Illud
1701 1682 1896 1749 etiam
1935 1682 2002 1748 in
2054 1682 2181 1751 hoc
2224 1682 2328 1751 die
2372 1683 2726 1752 observan-

615 1802 798 1885 dum,
843 1799 1016 1893 quod
1060 1797 1250 1891 genio
1296 1800 1537 1867 factum
1579 1798 1906 1864 neminem
1956 1806 2213 1888 oportet
2265 1808 2416 1867 ante
2462 1810 2728 1891 gustare

615 1940 809 2010 quam
853 1935 1005 1984 eum
1044 1917 1157 2008 qui
1198 1915 1440 1983 fecerit.

784 2028 920 2098 Sed
963 2041 1030 2099 et
1069 2031 1195 2099 hoc
1241 2054 1278 2098 a
1318 2027 1698 2122 quibusdam
1731 2037 1927 2119 saepe
1956 2029 2316 2119 quaesitum
2338 2030 2728 2100 solvendum

539 2167 591 2208 ιε
618 2145 890 2227 videtur,
935 2147 1043 2236 qui
1086 2147 1169 2213 sit
1210 2149 1457 2238 geniuS‚
1503 2167 1702 2212 curve
1747 2167 1899 2211 eum
1938 2144 2346 2234 potissimum
2384 2167 2508 2213 suo
2549 2145 2726 2238 φὼ-

621 2282 747 2349 que
800 2257 1000 2328 natali
1052 2281 1455 2332 veneremur.
1554 2257 1649 2325 111.
1718 2247 1963 2326 Genius
2017 2267 2117 2325 est
2173 2259 2368 2342 deus,
2417 2261 2600 2328 cuius
2657 2261 2725 2327 in
2753 2274 2784 2327 1

618 2372 819 2444 tutela
858 2384 932 2441 ut
976 2377 1246 2469 quisque
1287 2384 1480 2443 natus
1526 2384 1627 2442 est
1665 2375 1838 2440 vivit.
1935 2372 2059 2440 Hic
2102 2373 2240 2441 sive
2282 2374 2456 2467 quod
2498 2383 2572 2442 ut
2609 2398 2728 2467 ge·-

618 2550 655 2609 4
690 2548 939 2607 hostiam
972 2544 1304 2611 faciundam
1463 2552 1536 2607 15
1578 2547 1717 2625 quid
1757 2549 1830 2605 sit

622 2718 652 2772 1
696 2720 749 2771 et
786 2720 993 2790 exopto
1033 2732 1091 2790 g.
1235 2719 1298 2771 at
1334 2710 1487 2789 quod
1523 2731 1610 2769 ms
1649 2710 1809 2789 apud
1846 2710 2047 2770 Barth.
2089 2713 2127 2771 l.
2152 2713 2194 2770 l.
2349 2718 2387 2773 3
2425 2712 2557 2773 hinc
2597 2713 2729 2773 ced.

622 2810 657 2847 a
701 2790 779 2846 ud
819 2789 1020 2848 Barth.
1062 2792 1101 2849 l.
1142 2790 1180 2848 l.
1335 2796 1563 2865 quaeret
1601 2787 1968 2856 lmsAlmel.,
2007 2792 2200 2865 querit
2237 2808 2293 2867 g.
2458 2791 2499 2849 4
2537 2790 2733 2850 hostia

620 2811 950 2939 flectendum
988 2866 1188 2937 codd„
1228 2867 1420 2924 Vinet.
1461 2865 1638 2942 idque
1666 2865 1868 2941 reponi
1894 2865 2183 2924 iusserunt
2207 2866 2380 2924 Iuret.
2409 2866 2485 2924 ad
2512 2867 2728 2944 Symm.

622 2963 773 3080 a
787 2944 911 3078 V..
1043 2941 1898 3078 ...mm
1928 2941 2607 3091 ...tm

508 3117 518 3123 ·
622 3026 842 3156 {iamin
910 3038 1329 3156 esgeartgiculm
1359 3061 1427 3173 ’gl
1437 3061 1525 3153 nis
1537 3059 1740 3152 Aimel.
1860 3098 1896 3151 6
1936 3095 2003 3152 de
2021 3095 2350 3155 maribus
2374 3098 2594 3156 Manut.
2608 3040 2729 3155 Ru-

624 3176 833 3252 gustin.
877 3172 951 3232 de
1059 3193 1226 3231 amm.
1266 3176 1528 3252 p.2008:
1585 3175 1713 3229 Hoc
1756 3175 1944 3229 Van-o
1997 3171 2268 3231 distinxit
2314 3177 2375 3232 tn
2414 3172 2584 3232 mm
2618 3192 2732 3233 mt-

623 3268 926 3309 merorum.
1035 3251 1112 3309 ed
1150 3250 1425 3308 Varronis
1472 3249 1679 3306 librum
1729 3248 2161 3326 disciplinarum
2198 3250 2255 3307 V
2296 3251 2372 3310 de
2421 3250 2630 3310 eadem
2667 3270 2731 3310 re

624 3328 866 3386 laudant
904 3326 1057 3386 Gell.
1095 3327 1168 3396 X,
1199 3330 1326 3396 1‚6.
1368 3326 1523 3383 Non.
1563 3345 1623 3404 p.
1645 3325 1758 3384 435
1800 3344 1847 3382 s,
1887 3345 1941 3383 v.
1982 3333 2269 3401 quartum.
2421 3331 2600 3387 motis
2635 3347 2691 3405 g.

626 3409 666 3464 7
701 3406 981 3462 tenuerint
1019 3404 1252 3473 Carrio,
1299 3409 1660 3461 tentaverunt
1696 3419 1752 3478 g.
1908 3402 2116 3460 ananau
2190 3446 2207 3472 ,
2261 3405 2497 3463 annales
2521 3425 2577 3475 ι·,
2625 3422 2731 3463 απ-

627 3480 804 3538 nuale
841 3481 916 3539 la.
1051 3484 1089 3541 8
1127 3488 1180 3540 et
1215 3496 1378 3555 sang.
1459 3521 1474 3537 .
1611 3484 1651 3539 9
1688 3497 1806 3554 qua
1846 3478 1960 3536 bue.
2001 3481 2123 3555 ipsi
2183 3523 2197 3539 .
2328 3481 2442 3540 am
2477 3480 2617 3540 deun.
2655 3483 2730 3540 D.

632 3559 902 3616 Ceterum
943 3556 1018 3616 cf.
1056 3558 1377 3633 Hertzberg
1457 3575 1489 3614 e
1532 3556 1640 3613 diis
1666 3556 1834 3614 Rom.
1876 3564 2023 3634 patr.
2045 3575 2105 3634 p.
2130 3558 2225 3616 24.
2266 3558 2341 3616 H.
2368 3558 2729 3637 Peerikamp.

631 3634 710 3692 ad
746 3636 887 3693 Hor.
928 3653 988 3713 p.
1011 3635 1127 3693 420
1140 3653 1269 3710 sqq.
1446 3636 1524 3691 10
1567 3630 1849 3708 ymeto'ris
1889 3633 2123 3708 quidam
2162 3635 2323 3713 apud
2358 3636 2576 3694 Manat.

636 3713 911 3770 mna-eas
948 3714 1021 3770 fr.
1061 3717 1156 3771 79.
1198 3711 1273 3767 cf.
1315 3710 1391 3767 H.
1431 3710 1577 3766 Iunii
1617 3710 1786 3767 anim.
1815 3710 1858 3778 1,
1879 3713 1973 3768 21.
2015 3710 2245 3769 Miiller.
2272 3713 2413 3771 Dor.
2453 3713 2479 3769 Ι
2516 3716 2730 3792 p.327.

631 3788 851 3847 Hoeck.
892 3789 1076 3847 Kreta
1113 3787 1166 3845 11
1201 3806 1261 3865 p.
1282 3790 1412 3846 138.
1457 3786 1732 3844 Ceterum
1761 3786 1907 3844 haec
1934 3804 2165 3863 quoque
2203 3804 2240 3845 a
2265 3789 2530 3848 Varrone
2552 3792 2737 3869 petita

633 3884 764 3924 esse
807 3865 1159 3923 demonstrat
1196 3867 1359 3924 Serv.
1403 3862 1478 3921 ad
1519 3864 1680 3940 Virg.
1700 3865 1842 3921 Aen.
1882 3862 1977 3933 111,
1998 3867 2093 3923 85.
2212 3871 2281 3925 11
2323 3866 2464 3923 emt
2490 3867 2564 3925 D.
2682 3872 2738 3924 et

632 3946 696 3999 tn
730 3942 787 4001 h.
829 3942 884 4000 d.
926 3961 970 4000 r.
1011 3942 1073 3999 in
1109 3959 1219 4001 om.
1260 3960 1336 3999 m.
1532 3944 1605 3999 12
1645 3939 1798 4016 quod
1832 3956 1946 4017 qm)
1982 3957 2107 4016 yen.
2133 3940 2180 4014 f.
2223 3944 2370 4000 coni.
2396 3943 2596 4002 Barth.
2623 3944 2666 4001 l.
2695 3944 2734 4001 1.

629 4018 794 4090 facta
808 4018 1025 4079 Manut.
1125 4025 1383 4097 oporteat
1406 4018 1626 4077 Manut.
1730 4015 1805 4076 14
1830 4023 2016 4075 ποτε.
2044 4038 2091 4076 r.
2207 4018 2541 4077 solemnium
2562 4039 2673 4078 om.
2695 4019 2734 4078 l.

633 4100 705 4155 15
746 4097 948 4172 quiD:
974 4092 1109 4173 quid
1130 4097 1325 4156 ceteri.
1460 4097 1534 4153 16
1556 4101 1846 4152 veneretur
1903 4093 2007 4153 lra.
2135 4094 2276 4153 dous
2310 4108 2477 4165 seme,
2517 4116 2565 4154 c.
2608 4100 2650 4153 ἰ.
2690 4104 2734 4154 t.

630 4175 869 4248 quisque
906 4181 971 4230 ut
1007 4192 1065 4232 n.
1105 4193 1151 4232 e.
1195 4172 1325 4231 cod.
1368 4170 1525 4251 apud
1563 4170 1763 4228 Barth.
1805 4170 1843 4228 l.
1896 4213 1909 4229 .
2067 4177 2143 4232 17
2178 4189 2505 4247 generemur
2541 4174 2658 4249 gla.
