3025 4925
616 401 694 455 28
1206 401 1312 458 DE
1350 402 1482 461 DIE
1521 402 1813 462 NATALI
1856 401 2021 461 CAP.
2047 408 2138 462 11.

617 563 795 652 ginta
838 560 1059 628 diebus
1092 562 1300 628 infans
1345 561 1770 646 membratur,
1812 564 1901 630 ita
1940 562 2045 631 hic
2087 586 2206 655 pro
2245 565 2546 655 portione
2587 564 2728 633 die·-
2787 648 2799 656 ·

618 677 738 745 bus
780 679 915 745 fere
954 677 1388 768 quadraginta.
1461 678 1682 763 Quare
1712 679 1779 745 in
1818 679 2091 746 Graecia
2124 678 2258 744 dies
2295 677 2727 770 habent-qua·-

617 793 1011 883 dragesimos
1050 792 1354 882 insignes.
1425 814 1705 881 namque
1744 813 2107 883 praegnans
2152 802 2304 861 ante
2349 793 2519 860 diem
2562 814 2727 884 qua·-

617 906 1048 997 dragesimum
1088 930 1221 975 non
1263 906 1555 997 procedit
1594 907 1661 972 in
1703 907 1943 991 fanum,
1987 916 2057 975 et
2095 917 2246 998 post
2285 915 2541 998 partum
2563 930 2727 998 qua·-

567 1033 594 1073 ⁵
622 1021 912 1111 draginta
956 1020 1187 1090 diebus,
1219 1021 1568 1113 pleraeque
1610 1022 1780 1088 fetae
1823 1024 2151 1111 graviores
2196 1031 2346 1089 sunt
2395 1041 2524 1087 'nec
2569 1043 2727 1087 san·-

613 1138 876 1225 guinem
917 1135 1239 1203 interdum
1282 1139 1630 1218 continent,
1669 1145 1734 1203 et
1773 1136 2026 1226 parvuli
2067 1139 2269 1203 ferme
2309 1158 2427 1226 per
2455 1134 2578 1201 hos
2620 1135 2736 1202 ἐω-

612 1252 803 1333 firmi,
845 1249 1137 1344 morbidi,
1168 1252 1321 1317 sine
1341 1253 1477 1318 risu-
1508 1273 1633 1318 nec
1664 1251 1803 1317 sine
1834 1250 2121 1340 periculo
2151 1260 2319 1319 sunt.
2403 1248 2490 1316 ob
2515 1271 2734 1340 ,quam
2797 1291 2802 1295 -

612 1387 912 1448 causam,
957 1388 1107 1432 cum
1146 1367 1202 1433 is
1249 1366 1383 1433 dies
1425 1367 1783 1457 praeteriit,
1841 1366 2014 1433 diem
2054 1367 2290 1433 festum
2331 1363 2546 1433 solmit
2585 1364 2725 1452 agi-

552 1553 555 1556 ,
615 1490 785 1562 tare,
830 1481 1004 1571 quod
1044 1489 1298 1572 tempus
1343 1480 1670 1572 appellant
1709 1483 2321 1569 teooepoexooroei'ov.
2405 1477 2493 1546 Hi
2528 1479 2726 1568 igitur
2752 1495 2793 1549 8

540 1615 596 1656 ιο
621 1596 756 1663 dies
806 1596 1226 1687 quadraginta
1283 1619 1402 1687 per
1462 1604 1715 1686 septem
1777 1595 1921 1662 illos
1985 1594 2258 1663 initiales
2324 1591 2730 1683 multiplicati

611 1710 773 1777 fiunt
816 1711 949 1776 dies
995 1710 1257 1777 ducenti
1299 1711 1655 1800 octoginta,
1709 1711 1777 1777 id
1820 1719 1920 1777 est
1970 1707 2405 1777 hebdomades
2449 1707 2728 1799 quadrae
2760 1706 2782 1714 ’

515 1879 531 1887 -
610 1825 819 1915 ginta:
855 1804 979 1891 'sed
1025 1825 1327 1916 quoniam
1367 1824 1632 1891 ultimae
1671 1824 1839 1894 illius
1879 1822 2300 1891 hebdomadis
2354 1826 2558 1913 primo
2616 1821 2726 1889 die

611 1939 820 2008 editur
860 1947 1112 2029 partus,
1165 1922 1289 2008 aex
1347 1940 1482 2006 dies
1543 1939 1865 2009 decedunt
1907 1948 1973 2012 et
2013 1937 2535 2008 ducentensimus
2570 1959 2726 2026 sep-

560 2128 570 2136 ,
610 2058 1057 2147 tuagensimus
1093 2064 1354 2145 quartus
1400 2055 1797 2122 observatur.
1884 2054 1994 2144 qui
2021 2075 2329 2122 numerus
2367 2051 2616 2145 dierum
2638 2049 2730 2118 ad

535 2186 588 2226 1⁵
614 2181 1024 2261 tetragonum
1054 2168 1235 2235 illum
1270 2168 1748 2236 Chaldaeorum
1779 2177 2199 2257 conspectum
2229 2165 2541 2236 subtiliter
2563 2188 2726 2236 con·-

606 2287 804 2377 gruit:
857 2307 1012 2350 nam
1070 2306 1220 2350 cum
1270 2283 1647 2373 signiferum
1701 2282 1923 2349 orbem
1976 2281 2198 2350 diebus
2242 2278 2611 2349 CCCLXV
2651 2290 2725 2348 et
2748 2293 2786 2349 9

607 2401 850 2494 aliquot
902 2398 1077 2467 horis
1135 2396 1257 2466 sol:
1289 2398 1675 2481 circumeat,
1742 2405 1970 2488 quarta
2045 2410 2342 2465 necesse·
2374 2404 2473 2465 est
2535 2404 2721 2486 parte

607 2519 896 2608 dempta,
937 2515 1005 2582 id
1049 2523 1149 2582 est
1204 2512 1426 2581 diebus
1468 2511 1864 2580 LXXXXI
1903 2511 2274 2603 aliquotque
2326 2509 2536 2592 horiS,
2590 2518 2724 2577 tres

611 2632 886 2725 quadras
931 2629 1190 2721 reliquis
1248 2628 1471 2695 diebus
1513 2626 1932 2697 CCLXXIIII
1970 2649 2102 2693 non
2141 2624 2347 2715 plenis
2388 2633 2728 2714 percurrat

535 2769 592 2809 πο
617 2771 825 2839 usque
876 2746 1037 2813 dum
1089 2744 1422 2836 perveniat
1477 2743 1561 2811 ad
1601 2742 1667 2810 id
1716 2741 1844 2810 loci
1897 2741 2070 2809 unde
2123 2739 2557 2829 conceptionis
2600 2738 2722 2805 ini-

604 2865 765 2931 tium
807 2859 1154 2954 quadratus
1192 2859 1474 2950 aspiciat.
1560 2856 1753 2927 Unde
1788 2867 2004 2925 autem
2037 2860 2222 2922 mens
2257 2854 2546 2922 humana
2581 2852 2717 2923 dies
2745 2872 2824 2926 10

602 3073 641 3131 4
679 3069 875 3150 prodit
1028 3070 1062 3124 6
1101 3067 1208 3124 hos
1250 3063 1374 3123 dies
1488 3063 1694 3123 infirmi
1733 3082 1843 3149 om.
1960 3065 1997 3121 8
2035 3062 2310 3143 praeterit
2415 3066 2451 3121 9
2494 3022 2717 3120 τέσσα-

554 3158 559 3163 ’
605 3141 910 3226 ρακοστόν
1066 3150 1138 3203 19
1181 3142 1439 3201 ducentis
1481 3141 1848 3220 septuaginta
1886 3159 2136 3216 qumque

605 3342 635 3395 1
688 3354 790 3413 pro
838 3334 1140 3410 partitione
1185 3329 1272 3398 D,
1319 3331 1680 3406 proportione
1726 3335 1810 3386 est
1856 3327 1905 3395 l,
1956 3327 2245 3403 proportio
2292 3333 2378 3383 eet
2412 3346 2480 3403 g.

602 3413 641 3471 4
678 3411 918 3488 procedit
952 3408 1027 3466 D.
1155 3410 1190 3466 5
1228 3406 1309 3482 pl.
1348 3406 1465 3478 fere
1501 3408 1573 3463 R.
1613 3404 1724 3479 fete
1800 3419 1840 3461 .·
1942 3409 1977 3461 6
2016 3402 2236 3480 parvoli
2273 3403 2347 3459 D.
2475 3419 2574 3478 per
2609 3402 2714 3461 Itos

601 3490 719 3562 fere
755 3506 829 3544 m.
870 3487 942 3554 D,
981 3502 1079 3564 per
1117 3502 1181 3541 oe
1217 3483 1336 3555 fere
1371 3502 1445 3539 m.
1484 3483 1525 3550 l,
1565 3501 1623 3557 p.
1661 3481 1717 3538 h.
1742 3423 1915 3553 tgerme
1939 3499 2015 3536 m.
2054 3479 2125 3546 R,
2167 3479 2318 3537 unde
2357 3496 2456 3554 per
2490 3478 2592 3537 hoo
2619 3484 2715 3537 in-

729 3568 752 3622 i
787 3562 957 3621 morb.
999 3581 1145 3618 corr.
1184 3560 1537 3616 Lachmann.
1729 3562 1768 3617 7
1804 3555 2207 3614 ntorbidissime
2237 3559 2362 3614 risu
2397 3574 2463 3632 g,
2502 3554 2717 3613 morbis

602 3641 868 3700 dissimili
903 3640 943 3697 l.
986 3638 1080 3697 Cf.
1120 3635 1241 3694 Ioh.
1280 3635 1430 3710 Lyd.
1473 3634 1546 3692 de
1585 3654 1766 3693 mene.
1805 3634 1907 3700 IV,
1924 3637 1994 3692 21
2039 3652 2098 3710 p.
2122 3636 2216 3691 69.
2370 3636 2407 3690 8
2445 3635 2719 3708 praeterit

602 3719 765 3794 DRg,
805 3718 1095 3792 praeteriit
1115 3715 1156 3771 l.
1253 3710 1698 3787 ayitare..quod
1717 3707 1883 3788 (raS.)
1896 3709 1970 3767 D.
2081 3715 2117 3768 9
2140 3726 2620 3775 ecceraxocrenu
2637 3708 2715 3776 D,

603 3809 1123 3855 ‘receeraxoc‘renu
1156 3791 1239 3858 R,
1290 3805 1815 3864 τεσσερακοστεπη
1847 3807 1914 3864 g.
1962 3788 2509 3859 τεσσερακοσταῒοιν
2559 3803 2722 3867 corr.x

603 3872 954 3930 Lachmann.
1111 3869 1217 3925 Ilii
1252 3864 1325 3922 D.
1492 3870 1564 3927 11
1600 3866 1853 3925 duocenti
1886 3864 1962 3922 D.
1999 3920 2006 3927 ,
2117 3867 2196 3921 12
2231 3859 2711 3930 hebdomadae-D,

601 3945 1042 4008 ebdomdwe‘R.
1160 3947 1234 4002 13
1274 3942 1544 4001 ducentes.
1585 3949 1903 4018 septuages.
1940 3947 2143 4016 partus
2182 3941 2254 4001 R.
2366 3942 2438 3997 16
2479 3937 2594 4009 dies
2632 3938 2710 3997 D.

603 4030 679 4084 18
718 4026 966 4081 LXXII
998 4020 1174 4097 DRg,
1231 4023 1476 4078 LXXII
1509 4026 1564 4077 et
1598 4037 1712 4076 uno
1750 4018 1789 4074 l.
2006 4015 2338 4092 aequodque
2373 4015 2448 4072 D.

604 4105 678 4159 17
725 4101 1125 4158 GGLXXIIII
1140 4097 1327 4172 DRgl.
1448 4101 1520 4155 19
1561 4093 1760 4172 ᾳιιαάν.
1802 4095 1877 4153 cs.
1903 4095 1957 4150 T
1962 4094 2150 4151 ertull.
2176 4093 2305 4152 adv.
2330 4093 2511 4150 Marc.
2536 4089 2580 4160 1,
2604 4095 2707 4150 18:

602 4179 890 4235 Saturnus
928 4174 1240 4251 quadratus
1279 4179 1382 4231 aut
1420 4176 1593 4231 Mars
1630 4173 1901 4246 trigonus.
2645 4220 2664 4227 -
