3025 4925
988 485 1003 506 Ι
1029 420 1648 484 PROLEGOMENA.
2254 440 2425 478 xxn1

312 584 671 687 praebent,
712 587 885 662 haec
920 597 1059 662 nou
1098 587 1427 660 maiorem
1462 589 1932 662 auctoritatem
1960 608 2160 682 quam
2182 589 2424 661 cuius-—

311 718 423 790 vis
479 715 661 790 docti
710 718 845 789 viri
911 720 1308 791 coniectura
1355 713 1582 788 hahet.
1686 714 1924 809 Itaque
1992 737 2127 809 ego
2191 717 2424 810 scrip-

313 844 484 919 toris
537 841 755 917 verba
807 864 1005 937 quam
1053 844 1567 939 diligentissime
1616 841 1706 914 ad
1756 840 1956 915 codd.
1995 840 2128 914 DR
2164 863 2427 913 recen-

314 972 461 1062 sui,
528 992 902 1064 eorumque
945 970 1277 1046 lectiones
1331 977 1649 1065 quantum
1698 968 1968 1065 quidem
2017 965 2168 1039 fieri
2215 968 2431 1062 potuit

311 1096 645 1189 religiose
708 1099 1032 1188 servavi,
1105 1100 1188 1173 iis
1257 1107 1484 1171 autem
1543 1094 1757 1188 locis,
1822 1097 1937 1191 qui
1997 1092 2178 1165 haud
2229 1094 2430 1187 pauci

311 1232 504 1314 sunt,
557 1221 673 1295 ubi
726 1227 1027 1322 corrupti
1078 1235 1271 1317 sunt,
1334 1231 1534 1296 cauta
1596 1222 2074 1296 emendatione
2134 1222 2432 1314 vestigia

311 1372 551 1424 eorum
616 1358 891 1424 secutus
956 1373 1201 1424 verum
1261 1351 1586 1425 invenire
1650 1350 1892 1424 studui.
2001 1349 2261 1437 Quodsi
2309 1347 2430 1421 vel

312 1500 354 1550 a
405 1500 518 1551 me
569 1475 687 1551 vel
731 1475 816 1548 ab
863 1477 996 1551 alio
1039 1478 1329 1575 quodam
1367 1477 1754 1551 emendatio
1798 1485 1986 1549 certa
2035 1476 2215 1548 facta
2254 1483 2427 1564 erat,

296 1621 468 1678 'eam
519 1604 836 1699 recipere
902 1626 1044 1678 non
1104 1603 1449 1695 dubitavi,
1512 1613 1585 1676 ut
1637 1625 1721 1677 ea
1774 1612 2041 1692 tamen,
2112 1623 2286 1696 quae
2337 1602 2429 1674 de

312 1733 708 1806 coniectura
749 1731 1049 1825 reposit-a
1093 1740 1352 1823 essent,
1385 1730 1627 1804 litteris
1675 1728 2012 1804 inclinatis
2066 1729 2427 1825 exprime-

310 1867 567 1931 rentur.
621 1855 738 1928 ubi
788 1856 952 1930 nihil
1006 1861 1173 1931 certi
1225 1860 1529 1942 inveniri
1553 1866 1849 1954 ,poterat
1894 1855 2174 1930 lectioni
2226 1855 2424 1930 codd.

312 1986 535 2058 crucis
588 1985 859 2078 signum
907 1988 1296 2082 praeposui.
1403 1984 1481 2060 Si
1534 2006 1709 2058 vero
1760 1984 1889 2056 hac
1942 2005 2156 2079 opera
2206 1982 2430 2056 effec-

312 2120 452 2182 tum
506 2118 647 2200 est,
705 2119 778 2181 ut
827 2112 1162 2205 integrior
1208 2114 1343 2185 iam
1393 2111 1684 2208 prodeat
1736 2107 2158 2185 Censorinus
2204 2146 2312 2161 —-
2362 2119 2434 2181 et

313 2246 504 2310 certe
555 2234 764 2329 longe
818 2224 1135 2314 diversus
1186 2237 1406 2313 factus
1461 2248 1568 2313 est
1611 2236 1695 2310 ab
1751 2259 1863 2328 eo,
1918 2237 2030 2331 qui
2075 2245 2276 2310 antea
2313 2235 2433 2309 le-

312 2362 603 2459 gebatur
660 2404 749 2414 —
802 2363 872 2436 id
927 2362 1157 2440 Caroli
1194 2364 1609 2440 Lachmanni
1659 2366 2081 2462 potissimum
2115 2366 2426 2437 meritum

316 2500 438 2565 est.
542 2489 611 2563 Is
668 2492 846 2563 enim
899 2514 1040 2566 non
1092 2491 1298 2567 modo
1364 2515 1518 2567 cum
1580 2491 1884 2564 editurus
1940 2513 2172 2565 essem
2227 2491 2425 2566 Cen-

311 2619 642 2708 soi-inum,
695 2617 934 2693 multas
988 2628 1191 2715 atque
1246 2622 1567 2715 egregias
1606 2618 2123 2693 emendationes
2162 2642 2428 2693 mecum

313 2744 880 2836 communicavit,
948 2745 1075 2818 sed
1142 2748 1342 2818 etiam
1394 2745 1813 2842 plagularum
1865 2747 2429 2840 corrigendarum

312 2894 554 2944 munus
604 2872 677 2942 in
731 2874 1209 2968 sesuscepit,
1273 2882 1475 2968 atque
1546 2872 1701 2943 dum
1757 2894 1843 2945 eo
1897 2871 2199 2966 fungitur
2248 2873 2428 2946 haud

309 3018 527 3098 pauca
576 3000 833 3070 rectius
889 3007 1089 3092 atque
1145 3020 1278 3093 ego
1330 2998 1638 3071 feceram
1691 2982 2055 3070 constituit.

462 3123 716 3197 Verbis
770 3126 1120 3220 scriptoris
1172 3126 1265 3197 ita
1312 3124 1688 3199 emendatis
1730 3123 1990 3200 subieci
2025 3127 2427 3200 varietatem

314 3252 628 3326 editionis
665 3249 1334 3348 Haverkampianae‚
1374 3262 1446 3325 ut
1479 3254 1701 3326 statim
1732 3261 2123 3349 appareret,
2155 3254 2315 3348 quid
2357 3255 2426 3325 in

309 3380 442 3452 hac
505 3378 804 3452 editione
866 3389 1185 3452 mutatum
1252 3387 1456 3453 esset.
1577 3378 1656 3451 In
1710 3380 2147 3455 adnotatione
2201 3390 2469 3454 autem*

311 3510 542 3582 varias
594 3505 930 3579 lectiones
977 3505 1175 3579 codd.
1223 3508 1353 3581 DR
1407 3509 1731 3580 recensui
1766 3529 2035 3599 omneS,
2074 3516 2147 3579 ut
2192 3511 2424 3583 sciens

309 3633 693 3728 volensque
743 3631 908 3704 nihil
951 3635 1353 3706 omitterem.
1444 3633 1683 3730 Itaque
1724 3636 1782 3706 si
1822 3634 1981 3729 quid
2014 3634 2211 3708 aliter
2244 3657 2427 3707 nunc

307 3762 558 3856 legitur
617 3769 816 3854 atque
881 3760 951 3830 in
1017 3760 1316 3833 editione
1391 3759 1988 3858 Haverkampiana
2065 3772 2289 3836 exstat
2357 3773 2425 3835 et

308 3887 474 3965 nihil
523 3911 566 3960 e
620 3885 818 3959 codd.
864 3883 1252 3959 adnotatum
1305 3896 1439 3977 est,
1477 3911 1604 3984 pro
1646 3899 1836 3962 certo
1869 3887 2145 3980 habeto,
2184 3891 2256 3961 in
2290 3864 2420 3963 DR

309 4017 401 4088 ita
463 4014 604 4109 legi
662 4022 735 4083 ut
801 4014 1121 4109 scriptum
1184 4036 1224 4084 a
1273 4035 1386 4087 me
1452 4023 1576 4087 est.
1691 4014 2135 4110 Reliquorum
2199 4025 2424 4088 autem

170 4166 193 4175 ²
311 4141 623 4216 codicum
677 4139 1011 4215 lectiones
1066 4162 1203 4215 non
1258 4162 1497 4215 omnes
1545 4139 1776 4232 adtuli,
1815 4149 1883 4214 et
1921 4142 2109 4214 initio
2153 4142 2434 4238 quidem
