3025 4925
661 425 736 479 68
1260 417 1366 476 DE
1405 414 1536 475 DIE
1578 412 1871 475 NATALI
1912 412 2078 475 CAP.
2106 418 2201 475 22.

657 579 1089 647 Decembrem
1137 601 1172 645 a
1228 578 1512 646 numeris
1565 575 1941 669 appellatos.
2047 578 2355 644 Ceterum
2409 574 2773 644 Ianuarium

660 705 725 761 et
763 693 1184 761 Februarium
1229 704 1455 786 postea
1502 692 1760 785 quidem
1805 690 2073 774 additos,
2105 689 2223 758 sed
2257 691 2618 759 nominibus
2640 695 2774 760 iam

660 833 743 877 ex
786 808 972 875 Latio
1019 810 1322 901 sumptis3
1371 817 1436 875 et.
1473 807 1838 875 Ianuarium
1883 806 1961 872 ab
2018 804 2204 888 Iano,
2250 808 2355 873 cui
2416 807 2770 875 adtributus

562 918 566 923 ’
660 935 780 1007 est‚·
819 938 1058 991 nomen
1101 923 1396 1005 traxisse,
1437 914 1857 989 Februarium
1901 945 1938 989 a
1980 920 2223 988 februo.
2311 921 2431 989 Est
2471 922 2772 990 februum
2807 930 2917 1027 14ἱ

606 1068 631 1107 5
660 1039 964 1131 quidquid
1006 1028 1222 1128 eipiat
1249 1030 1656 1128 purgatque,
1715 1047 1781 1104 et
1836 1035 2274 1103 februamenta
2329 1030 2776 1127 purgamenta,

654 1157 809 1221 item
852 1153 1147 1220 februare
1189 1170 1469 1242 purgare
1515 1161 1580 1217 et
1623 1174 1855 1241 purum
1885 1152 2112 1218 facere.
2197 1150 2248 1217 F
2255 1151 2526 1219 ebruum
2555 1161 2775 1219 autem

654 1292 788 1336 non
826 1258 1000 1335 idem
1040 1286 1505 1358 usquequaque
1551 1266 1806 1333 dicitur:
1861 1289 2013 1333 nam
2058 1265 2240 1333 aliler
2278 1265 2344 1332 in
2390 1266 2527 1333 aliis
2571 1269 2772 1335 sacris

653 1372 1010 1465 februatur,
1063 1380 1190 1448 hoc
1246 1390 1346 1449 est
1400 1391 1727 1471 purgatur.
1820 1375 1898 1448 In
1939 1379 2067 1447 hoc
2111 1390 2327 1448 autem
2367 1400 2595 1450 mense
2635 1380 2773 1450 Lu·
2805 1397 2883 1454 15

654 1496 1047 1589 percalibuS,
1102 1514 1252 1563 cum
1312 1495 1525 1563 Roma
1576 1495 1914 1578 lustratur,
1966 1494 2170 1562 salem
2213 1495 2493 1563 calidum
2536 1490 2774 1581 ferunt,

579 1640 634 1678 ιω
660 1612 831 1704 quod
874 1606 1172 1681 februum
1218 1606 1562 1701 appellant,
1620 1611 1792 1678 unde
1839 1606 1976 1677 dies
2019 1609 2469 1700 Lupercalium
2513 1614 2774 1704 proprie
2836 1652 2845 1659 -

651 1720 976 1792 februatus
1037 1736 1102 1793 et
1160 1718 1258 1791 ab‘
1296 1749 1373 1792 eo
1438 1747 1633 1816 porro
1692 1726 1930 1791 mensis
1984 1723 2366 1792 Februarius
2432 1728 2769 1795 vocitatur.

650 1841 755 1907 Ex
810 1839 906 1906 his
967 1841 1309 1907 duodecim
1363 1840 1691 1906 mensibus
1746 1839 2022 1905 duorum
2076 1849 2326 1906 tantum
2368 1843 2639 1908 nomina·
2670 1845 2772 1909 in·
2802 1851 2877 1905 16

650 1963 913 2021 mutata.
997 1950 1169 2021 Nam
1215 1956 1551 2041 Quintilis·
1577 1952 1771 2020 Iulius
1818 1957 2311 2045 cognominatus
2352 1964 2453 2022 est.
2496 1956 2571 2022 G.
2598 1956 2772 2024 Cae-

651 2091 795 2136 sare
838 2061 903 2137 V
949 2079 1012 2136 et
1056 2068 1139 2137 Μ.
1184 2064 1468 2135 Antonio
1511 2068 1698 2135 Coss.
1760 2090 1926 2136 anno
1982 2068 2225 2137 Iuliano
2282 2069 2604 2136 secundo:
2661 2071 2774 2161 qui

574 2211 624 2251 ιε
654 2178 869 2250 autem
914 2181 1177 2250 Sextilis
1222 2185 1457 2266 fuerat,
1515 2204 1600 2248 ex
1646 2181 1773 2249 SC.
1818 2183 2060 2250 Marcio
2106 2184 2462 2251 Censorino
2504 2180 2583 2251 C.
2620 2178 2774 2251 'Asi-

646 2301 755 2364 nio
801 2295 989 2364 Gallo
1033 2296 1222 2367 Coss.
1265 2298 1330 2363 in
1377 2297 1650 2386 Augusti
1691 2295 2006 2367 honorem
2050 2297 2257 2364 dictus
2302 2306 2404 2366 est
2438 2298 2769 2389 Augustus

649 2435 816 2480 anno
878 2412 1153 2503 Augusti
1208 2406 1582 2479 vicensimo.
1684 2412 1879 2500 Quae
1933 2412 2195 2480 nomina
2262 2413 2630 2482 etiamnunc
2686 2413 2770 2482 ad

644 2528 814 2596 hanc
854 2537 1237 2619 permanent
1275 2528 1676 2595 memoriam.
1758 2537 1987 2618 postea
2030 2550 2190 2595 vero
2228 2525 2412 2596 multi
2444 2530 2768 2622 principes
2797 2538 2875 2593 17

645 2644 906 2710 nomina
949 2641 1269 2733 quaedam
1314 2663 1613 2708 mensum
1653 2644 2133 2710 inmutaverunt
2172 2645 2302 2710 suis
2329 2648 2767 2735 nuncupando

568 2755 1045 2839 2‹.1'10minibus;
1107 2756 1278 2848 quod
1333 2766 1444 2822 aut
1471 2755 1619 2846 -ipsi
1677 2757 2092 2847 postmodum
2144 2768 2587 2844 mutaverunt,
2658 2772 2769 2829 aut

645 2881 793 2962 post
835 2871 1078 2938 obitum
1125 2891 1348 2938 eorum
1387 2869 1498 2938 illa
1543 2874 1804 2939 nomina
1849 2874 2112 2964 pristina
2149 2874 2280 2940 suis
2312 2875 2558 2942 reddita
2583 2895 2768 2943 men·

645 2988 818 3054 sibus
860 2996 1043 3054 stavit.

812 3100 1048 3174 XXIII.
1115 3102 1432 3192 Superest
1471 3124 1679 3191 pauca
1722 3097 1807 3171 de
1849 3104 1953 3170 die
1999 3104 2242 3186 dicere,
2290 3106 2425 3196 qui,
2470 3113 2541 3172 ut
2581 3127 2767 3172 men-
2792 3124 2821 3177 1

641 3216 728 3281 sis
765 3225 884 3282 ‚aut
927 3237 1150 3298 annm,
1191 3217 1423 3306 partim
1468 3216 1772 3283 naturalis
1817 3220 2047 3309 partim
2094 3218 2295 3286 civilis
2342 3229 2457 3288 est.
2555 3220 2764 3289 Natu·
2789 3242 2827 3296 2

643 3446 678 3500 5
720 3442 844 3519 piat
960 3443 1117 3498 6.10
1157 3411 1404 3499 Februm
1487 3427 1592 3499 “13
1635 3444 1732 3518 qui
1773 3444 1971 3512 Quint.
2013 3445 2121 3502 suit
2161 3446 2265 3504 Iul.
2370 3452 2445 3506 17
2471 3466 2619 3505 anno
2642 3449 2762 3504 Au.-

641 3528 883 3595 gustano
1002 3522 1078 3574 22
1117 3519 1349 3575 suerunt
1464 3521 1542 3576 24
1584 3529 1643 3576 et
1682 3538 1814 3578 ann.

639 3736 670 3790 1
715 3732 903 3789 natatis
923 3730 998 3789 D.
1113 3737 1171 3789 4.
1191 3737 1231 3789 6
1259 3729 1481 3802 februm
1500 3732 1628 3790 DR.
1672 3733 1747 3789 cf.
1772 3732 1958 3793 Paull.
1987 3756 2035 3794 ε.
2065 3755 2115 3793 v.
2138 3734 2470 3809 februarius
2495 3739 2572 3795 ib.
2599 3737 2755 3796 Min·-

638 3808 744 3866 ler.
783 3825 843 3886 p.
866 3810 961 3866 85.
1157 3812 1193 3864 6
1243 3806 1510 3880 fohruure
1561 3810 1635 3866 cf.
1677 3810 1760 3867 lo.
1802 3811 1951 3886 Lyd.
1995 3813 2070 3871 de
2118 3833 2299 3872 mens.
2341 3815 2439 3882 IV,
2462 3819 2538 3872 20
2576 3835 2636 3895 p.
2658 3819 2755 3874 68.

637 3887 791 3942 Non.
821 3903 868 3942 s.
900 3904 950 3942 v.
980 3899 1039 3960 p.
1062 3889 1193 3944 115.
1311 3889 1388 3941 10
1426 3883 1648 3956 februm
1685 3887 1857 3962 DRg.
1970 3894 2045 3947 13
2085 3909 2218 3948 nam
2258 3894 2360 3967 qui
2396 3891 2589 3951 Iulius
2626 3891 2754 3962 DR,

633 3977 768 4020 tecum
805 3964 1072 4037 quintilis
1108 3962 1227 4022 lul.
1269 3961 1346 4036 gl.
1467 3961 1542 4019 14
1582 3963 1845 4021 Auianio
1885 3964 1958 4022 D.
2079 3971 2151 4026 15
2193 3985 2317 4025 esc
2351 3985 2545 4028 marco
2590 3971 2755 4028 Gens.

631 4040 758 4105 DR,
804 4041 866 4096 G.
904 4044 995 4097 M.
1045 4040 1206 4096 Gens.
1245 4039 1301 4114 g.
1421 4040 1495 4095 17
1534 4039 1788 4113 Au9u⁸te
1825 4041 1898 4109 D,
1940 4043 2228 4118 Auyusbio
2256 4046 2326 4113 R,
2366 4049 2677 4120 auyaeustiao
2716 4047 2754 4114 1,

630 4122 953 4190 augustano
994 4135 1049 4190 g.
1206 4120 1283 4173 22
1320 4120 1454 4171 sumt
1502 4133 1614 4172 om.
1655 4116 1800 4185 DR,
1850 4129 1993 4197 post
2034 4124 2159 4178 suis
2198 4119 2334 4178 add.
2377 4141 2430 4199 g.
2587 4124 2663 4181 24
2700 4131 2755 4180 ot

631 4210 765 4248 (mn.
806 4210 859 4265 g.
981 4192 1277 4263 naturales
1317 4191 1434 4248 dies
1469 4190 1651 4250 Dras.
