<?xml version="1.0" encoding="UTF-8"?>
<!DOCTYPE html PUBLIC "-//W3C//DTD XHTML 1.0 Transitional//EN"
    "http://www.w3.org/TR/xhtml1/DTD/xhtml1-transitional.dtd">
<html xmlns="http://www.w3.org/1999/xhtml" xml:lang="en" lang="en">
 <head>
  <title>
</title>
<meta http-equiv="Content-Type" content="text/html;charset=utf-8" />
  <meta name='ocr-system' content='tesseract 3.04.00' />
  <meta name='ocr-capabilities' content='ocr_page ocr_carea ocr_par ocr_line ocrx_word'/>
</head>
<body>
  <div class='ocr_page' id='page_1' title='image "./censorinidedien00jahngoog/censorinidedien00jahngoog_0047.png"; bbox 0 0 3025 4925; ppageno 0'>
   <div class='ocr_carea' id='block_1_1' title="bbox 916 405 2423 473">
    <p class='ocr_par' dir='ltr' id='par_1_1' title="bbox 916 405 2423 473">
     <span class='ocr_line' id='line_1_1' title="bbox 916 405 2423 473; baseline 0.006 -10"><span class='ocrx_word' id='word_1_1' title='bbox 916 406 1020 463; x_wconf 89' lang='lat' dir='ltr'><strong>DE</strong></span> <span class='ocrx_word' id='word_1_2' title='bbox 1058 405 1188 464; x_wconf 83' lang='lat' dir='ltr'><strong>DIE</strong></span> <span class='ocrx_word' id='word_1_3' title='bbox 1229 406 1521 465; x_wconf 83' lang='lat' dir='ltr'><strong>NATALI</strong></span> <span class='ocrx_word' id='word_1_4' title='bbox 1563 406 1730 466; x_wconf 84' lang='lat' dir='ltr'>CAP.</span> <span class='ocrx_word' id='word_1_5' title='bbox 1758 412 1815 468; x_wconf 87' lang='lat'><strong>7.</strong></span> <span class='ocrx_word' id='word_1_6' title='bbox 2348 418 2423 473; x_wconf 71' lang='lat'><strong>19</strong></span> 
     </span>
    </p>
   </div>
   <div class='ocr_carea' id='block_1_2' title="bbox 184 566 2495 2958">
    <p class='ocr_par' dir='ltr' id='par_1_2' title="bbox 184 566 2495 2958">
     <span class='ocr_line' id='line_1_2' title="bbox 311 566 2428 659; baseline 0.002 -24"><span class='ocrx_word' id='word_1_7' title='bbox 311 566 770 659; x_wconf 78' lang='lat' dir='ltr'><strong>Epicharmum</strong></span> <span class='ocrx_word' id='word_1_8' title='bbox 811 566 1016 634; x_wconf 87' lang='lat' dir='ltr'><strong>secuti</strong></span> <span class='ocrx_word' id='word_1_9' title='bbox 1058 575 1290 636; x_wconf 89' lang='lat' dir='ltr'><strong>octavo</strong></span> <span class='ocrx_word' id='word_1_10' title='bbox 1331 588 1559 636; x_wconf 87' lang='lat' dir='ltr'><strong>mense</strong></span> <span class='ocrx_word' id='word_1_11' title='bbox 1599 568 1778 636; x_wconf 82' lang='lat' dir='ltr'><strong>nasci</strong></span> <span class='ocrx_word' id='word_1_12' title='bbox 1797 579 2225 659; x_wconf 79' lang='lat' dir='ltr'><strong>negaverunt:</strong></span> <span class='ocrx_word' id='word_1_13' title='bbox 2261 569 2428 640; x_wconf 87' lang='lat' dir='ltr'><strong>Dio-</strong></span> 
     </span>
     <span class='ocr_line' id='line_1_3' title="bbox 311 679 2427 774; baseline 0.002 -23"><span class='ocrx_word' id='word_1_14' title='bbox 311 682 448 751; x_wconf 82' lang='lat' dir='ltr'><strong>cles</strong></span> <span class='ocrx_word' id='word_1_15' title='bbox 482 693 700 752; x_wconf 85' lang='lat' dir='ltr'><strong>tamen</strong></span> <span class='ocrx_word' id='word_1_16' title='bbox 743 681 1077 769; x_wconf 81' lang='lat' dir='ltr'><strong>Carystius</strong></span> <span class='ocrx_word' id='word_1_17' title='bbox 1120 690 1185 750; x_wconf 88' lang='lat' dir='ltr'><strong>et</strong></span> <span class='ocrx_word' id='word_1_18' title='bbox 1226 679 1604 750; x_wconf 65' lang='lat' dir='ltr'><strong>Aristoteles</strong></span> <span class='ocrx_word' id='word_1_19' title='bbox 1647 681 1984 774; x_wconf 80' lang='lat' dir='ltr'><strong>Stagirites</strong></span> <span class='ocrx_word' id='word_1_20' title='bbox 2041 681 2225 754; x_wconf 87' lang='lat' dir='ltr'><strong>aliter</strong></span> <span class='ocrx_word' id='word_1_21' title='bbox 2277 710 2427 756; x_wconf 84' lang='lat' dir='ltr'><strong>sen·-</strong></span> 
     </span>
     <span class='ocr_line' id='line_1_4' title="bbox 216 796 2430 878; baseline 0.003 -14"><span class='ocrx_word' id='word_1_22' title='bbox 216 863 229 878; x_wconf 72' lang='grc'><em>,</em></span> <span class='ocrx_word' id='word_1_23' title='bbox 312 806 555 866; x_wconf 83' lang='lat' dir='ltr'><strong>serunt.</strong></span> <span class='ocrx_word' id='word_1_24' title='bbox 647 796 842 866; x_wconf 87' lang='lat' dir='ltr'><strong>Nono</strong></span> <span class='ocrx_word' id='word_1_25' title='bbox 900 806 1117 866; x_wconf 84' lang='lat' dir='ltr'><strong>autem</strong></span> <span class='ocrx_word' id='word_1_26' title='bbox 1172 806 1238 865; x_wconf 89' lang='lat' dir='ltr'><strong>et</strong></span> <span class='ocrx_word' id='word_1_27' title='bbox 1301 796 1553 864; x_wconf 87' lang='lat' dir='ltr'><strong>decimo</strong></span> <span class='ocrx_word' id='word_1_28' title='bbox 1621 819 1848 866; x_wconf 85' lang='lat' dir='ltr'><strong>mense</strong></span> <span class='ocrx_word' id='word_1_29' title='bbox 1909 818 2059 865; x_wconf 89' lang='lat' dir='ltr'><strong>cum</strong></span> <span class='ocrx_word' id='word_1_30' title='bbox 2117 797 2430 870; x_wconf 78' lang='lat' dir='ltr'>Chaldaei</span> 
     </span>
     <span class='ocr_line' id='line_1_5' title="bbox 314 910 2431 1006; baseline 0.002 -26"><span class='ocrx_word' id='word_1_31' title='bbox 314 911 571 1002; x_wconf 80' lang='lat' dir='ltr'><strong>plurimi</strong></span> <span class='ocrx_word' id='word_1_32' title='bbox 615 921 681 979; x_wconf 90' lang='lat' dir='ltr'><strong>et</strong></span> <span class='ocrx_word' id='word_1_33' title='bbox 708 911 884 980; x_wconf 89' lang='lat' dir='ltr'><strong>idem</strong></span> <span class='ocrx_word' id='word_1_34' title='bbox 914 934 1113 1003; x_wconf 82' lang='lat' dir='ltr'><strong>supra</strong></span> <span class='ocrx_word' id='word_1_35' title='bbox 1138 910 2073 980; x_wconf 85' lang='lat' dir='ltr'><strong>mihinominatus&#39;Aristoteles</strong></span> <span class='ocrx_word' id='word_1_36' title='bbox 2105 915 2212 982; x_wconf 87' lang='lat' dir='ltr'><strong>edi</strong></span> <span class='ocrx_word' id='word_1_37' title='bbox 2231 937 2431 1006; x_wconf 88' lang='lat' dir='ltr'><strong>posse</strong></span> 
     </span>
     <span class='ocr_line' id='line_1_6' title="bbox 257 1024 2438 1119; baseline 0.004 -28"><span class='ocrx_word' id='word_1_38' title='bbox 257 1050 287 1091; x_wconf 74' lang='lat' dir='ltr'><strong>s</strong></span> <span class='ocrx_word' id='word_1_39' title='bbox 318 1036 577 1117; x_wconf 79' lang='lat' dir='ltr'><strong>partum</strong></span> <span class='ocrx_word' id='word_1_40' title='bbox 617 1027 1016 1116; x_wconf 86' lang='lat' dir='ltr'><strong>putaverint,</strong></span> <span class='ocrx_word' id='word_1_41' title='bbox 1056 1047 1271 1119; x_wconf 89' lang='lat' dir='ltr'><strong>neque</strong></span> <span class='ocrx_word' id='word_1_42' title='bbox 1312 1024 1637 1117; x_wconf 85' lang='lat' dir='ltr'>Epigenes</span> <span class='ocrx_word' id='word_1_43' title='bbox 1684 1025 2032 1115; x_wconf 80' lang='lat' dir='ltr'><strong>Byzantius</strong></span> <span class='ocrx_word' id='word_1_44' title='bbox 2072 1048 2247 1096; x_wconf 90' lang='lat' dir='ltr'><strong>nono</strong></span> <span class='ocrx_word' id='word_1_45' title='bbox 2296 1028 2438 1118; x_wconf 84' lang='lat' dir='ltr'><strong>fieri</strong></span> 
     </span>
     <span class='ocr_line' id='line_1_7' title="bbox 315 1139 2491 1232; baseline 0.001 -22"><span class='ocrx_word' id='word_1_46' title='bbox 315 1164 513 1232; x_wconf 87' lang='lat' dir='ltr'><strong>posse</strong></span> <span class='ocrx_word' id='word_1_47' title='bbox 555 1142 904 1225; x_wconf 73' lang='lat' dir='ltr'><strong>contendit,</strong></span> <span class='ocrx_word' id='word_1_48' title='bbox 941 1164 1068 1211; x_wconf 87' lang='lat' dir='ltr'><strong>nec</strong></span> <span class='ocrx_word' id='word_1_49' title='bbox 1110 1141 1538 1232; x_wconf 82' lang='lat' dir='ltr'><strong>Hippocrates</strong></span> <span class='ocrx_word' id='word_1_50' title='bbox 1560 1140 1738 1209; x_wconf 85' lang='lat' dir='ltr'><strong>Cous</strong></span> <span class='ocrx_word' id='word_1_51' title='bbox 1767 1139 2035 1209; x_wconf 86' lang='lat' dir='ltr'><strong>decimo.</strong></span> <span class='ocrx_word' id='word_1_52' title='bbox 2122 1142 2429 1214; x_wconf 85' lang='lat' dir='ltr'><strong>Ceterum</strong></span> <span class='ocrx_word' id='word_1_53' title='bbox 2454 1152 2491 1204; x_wconf 84' lang='lat'>6</span> 
     </span>
     <span class='ocr_line' id='line_1_8' title="bbox 315 1254 2426 1348; baseline 0.002 -24"><span class='ocrx_word' id='word_1_54' title='bbox 315 1254 729 1326; x_wconf 82' lang='lat' dir='ltr'><strong>undecimum</strong></span> <span class='ocrx_word' id='word_1_55' title='bbox 768 1280 1062 1326; x_wconf 86' lang='lat' dir='ltr'><strong>mensem</strong></span> <span class='ocrx_word' id='word_1_56' title='bbox 1103 1255 1480 1326; x_wconf 85' lang='lat' dir='ltr'><strong>Aristoteles</strong></span> <span class='ocrx_word' id='word_1_57' title='bbox 1526 1255 1703 1324; x_wconf 85' lang='lat' dir='ltr'><strong>solus</strong></span> <span class='ocrx_word' id='word_1_58' title='bbox 1745 1257 2002 1348; x_wconf 82' lang='lat' dir='ltr'><strong>recipit,</strong></span> <span class='ocrx_word' id='word_1_59' title='bbox 2045 1260 2243 1326; x_wconf 88' lang='lat' dir='ltr'><strong>ceteri</strong></span> <span class='ocrx_word' id='word_1_60' title='bbox 2284 1261 2426 1329; x_wconf 87' lang='lat' dir='ltr'><strong>uni-</strong></span> 
     </span>
     <span class='ocr_line' id='line_1_9' title="bbox 316 1371 961 1463; baseline 0 -25"><span class='ocrx_word' id='word_1_61' title='bbox 316 1372 488 1440; x_wconf 79' lang='lat' dir='ltr'><strong>versi</strong></span> <span class='ocrx_word' id='word_1_62' title='bbox 527 1371 961 1463; x_wconf 78' lang='lat' dir='ltr'><strong>inprobarum.</strong></span> 
     </span>
     <span class='ocr_line' id='line_1_10' title="bbox 486 1483 2487 1572; baseline 0 -16"><span class='ocrx_word' id='word_1_63' title='bbox 486 1486 647 1556; x_wconf 88' lang='lat' dir='ltr'><strong>VIII.</strong></span> <span class='ocrx_word' id='word_1_64' title='bbox 710 1487 847 1556; x_wconf 89' lang='lat' dir='ltr'><strong>Sed</strong></span> <span class='ocrx_word' id='word_1_65' title='bbox 887 1509 1060 1555; x_wconf 85' lang='lat' dir='ltr'><strong>nunc</strong></span> <span class='ocrx_word' id='word_1_66' title='bbox 1087 1483 1565 1554; x_wconf 79' lang='lat' dir='ltr'><strong>Chaldaeorum</strong></span> <span class='ocrx_word' id='word_1_67' title='bbox 1596 1487 1756 1554; x_wconf 85' lang='lat' dir='ltr'><strong>ratio</strong></span> <span class='ocrx_word' id='word_1_68' title='bbox 1790 1485 2067 1555; x_wconf 88' lang='lat' dir='ltr'><strong>breviter</strong></span> <span class='ocrx_word' id='word_1_69' title='bbox 2100 1491 2430 1572; x_wconf 66' lang='lat' dir='ltr'><strong>tractanda</strong></span> <span class='ocrx_word' id='word_1_70' title='bbox 2457 1504 2487 1557; x_wconf 92' lang='lat'><strong>1</strong></span> 
     </span>
     <span class='ocr_line' id='line_1_11' title="bbox 231 1601 2430 1693; baseline 0 -22"><span class='ocrx_word' id='word_1_71' title='bbox 231 1627 296 1671; x_wconf 78' lang='grc' dir='ltr'><strong>ιο</strong></span> <span class='ocrx_word' id='word_1_72' title='bbox 320 1612 437 1684; x_wconf 85' lang='lat' dir='ltr'><strong>est,</strong></span> <span class='ocrx_word' id='word_1_73' title='bbox 482 1602 1063 1693; x_wconf 78' lang='lat' dir='ltr'><strong>explicandumque</strong></span> <span class='ocrx_word' id='word_1_74' title='bbox 1119 1621 1236 1668; x_wconf 86' lang='lat' dir='ltr'><strong>cur</strong></span> <span class='ocrx_word' id='word_1_75' title='bbox 1284 1601 1561 1691; x_wconf 87' lang='lat' dir='ltr'><strong>septimo</strong></span> <span class='ocrx_word' id='word_1_76' title='bbox 1614 1623 1839 1668; x_wconf 84' lang='lat' dir='ltr'><strong>mense</strong></span> <span class='ocrx_word' id='word_1_77' title='bbox 1883 1610 1950 1668; x_wconf 90' lang='lat' dir='ltr'><strong>et</strong></span> <span class='ocrx_word' id='word_1_78' title='bbox 1988 1624 2162 1670; x_wconf 85' lang='lat' dir='ltr'><strong>nono</strong></span> <span class='ocrx_word' id='word_1_79' title='bbox 2209 1613 2274 1670; x_wconf 84' lang='lat' dir='ltr'><strong>et</strong></span> <span class='ocrx_word' id='word_1_80' title='bbox 2315 1603 2430 1673; x_wconf 88' lang='lat' dir='ltr'><strong>de·-</strong></span> 
     </span>
     <span class='ocr_line' id='line_1_12' title="bbox 316 1714 2494 1806; baseline -0.001 -20"><span class='ocrx_word' id='word_1_81' title='bbox 316 1719 485 1786; x_wconf 86' lang='lat' dir='ltr'><strong>cimo</strong></span> <span class='ocrx_word' id='word_1_82' title='bbox 530 1715 972 1785; x_wconf 84' lang='lat' dir='ltr'><strong>tantummodo</strong></span> <span class='ocrx_word' id='word_1_83' title='bbox 1016 1725 1211 1806; x_wconf 82' lang='lat' dir='ltr'><strong>posse</strong></span> <span class='ocrx_word' id='word_1_84' title='bbox 1254 1714 1548 1784; x_wconf 84' lang='lat' dir='ltr'><strong>homines</strong></span> <span class='ocrx_word' id='word_1_85' title='bbox 1593 1716 1771 1784; x_wconf 82' lang='lat' dir='ltr'><strong>nasci</strong></span> <span class='ocrx_word' id='word_1_86' title='bbox 1806 1715 2202 1785; x_wconf 83' lang='lat' dir='ltr'><strong>arbitrentur.</strong></span> <span class='ocrx_word' id='word_1_87' title='bbox 2261 1719 2431 1790; x_wconf 83' lang='lat' dir='ltr'><strong>Ante</strong></span> <span class='ocrx_word' id='word_1_88' title='bbox 2456 1731 2494 1784; x_wconf 83' lang='lat'><strong>2</strong></span> 
     </span>
     <span class='ocr_line' id='line_1_13' title="bbox 316 1830 2434 1923; baseline 0 -23"><span class='ocrx_word' id='word_1_89' title='bbox 316 1834 532 1900; x_wconf 88' lang='lat' dir='ltr'><strong>omnia</strong></span> <span class='ocrx_word' id='word_1_90' title='bbox 570 1834 766 1923; x_wconf 85' lang='lat' dir='ltr'><strong>igitur</strong></span> <span class='ocrx_word' id='word_1_91' title='bbox 807 1832 1028 1900; x_wconf 89' lang='lat' dir='ltr'><strong>dicunt</strong></span> <span class='ocrx_word' id='word_1_92' title='bbox 1079 1841 1297 1899; x_wconf 77' lang='lat' dir='ltr'><strong>actum</strong></span> <span class='ocrx_word' id='word_1_93' title='bbox 1347 1831 1678 1922; x_wconf 86' lang='lat' dir='ltr'><strong>vitamque</strong></span> <span class='ocrx_word' id='word_1_94' title='bbox 1729 1840 2017 1898; x_wconf 88' lang='lat' dir='ltr'><strong>nostram</strong></span> <span class='ocrx_word' id='word_1_95' title='bbox 2058 1830 2258 1900; x_wconf 89' lang='lat' dir='ltr'><strong>stellis</strong></span> <span class='ocrx_word' id='word_1_96' title='bbox 2300 1843 2434 1900; x_wconf 81' lang='lat' dir='ltr'><strong>tam</strong></span> 
     </span>
     <span class='ocr_line' id='line_1_14' title="bbox 317 1944 2435 2039; baseline 0 -24"><span class='ocrx_word' id='word_1_97' title='bbox 317 1950 501 2039; x_wconf 84' lang='lat' dir='ltr'><strong>vagis</strong></span> <span class='ocrx_word' id='word_1_98' title='bbox 546 1969 741 2038; x_wconf 84' lang='lat' dir='ltr'><strong>quam</strong></span> <span class='ocrx_word' id='word_1_99' title='bbox 784 1947 963 2013; x_wconf 85' lang='lat' dir='ltr'><strong>statis</strong></span> <span class='ocrx_word' id='word_1_100' title='bbox 1008 1968 1154 2013; x_wconf 85' lang='lat' dir='ltr'><strong>esse</strong></span> <span class='ocrx_word' id='word_1_101' title='bbox 1194 1944 1581 2027; x_wconf 85' lang='lat' dir='ltr'><strong>subiectam,</strong></span> <span class='ocrx_word' id='word_1_102' title='bbox 1638 1965 1988 2035; x_wconf 86' lang='lat' dir='ltr'><strong>earumque</strong></span> <span class='ocrx_word' id='word_1_103' title='bbox 2042 1948 2221 2013; x_wconf 86' lang='lat' dir='ltr'><strong>vario</strong></span> <span class='ocrx_word' id='word_1_104' title='bbox 2266 1948 2435 2016; x_wconf 86' lang='lat' dir='ltr'><strong>mul·-</strong></span> 
     </span>
     <span class='ocr_line' id='line_1_15' title="bbox 319 2058 2433 2153; baseline -0.001 -24"><span class='ocrx_word' id='word_1_105' title='bbox 319 2062 648 2153; x_wconf 86' lang='lat' dir='ltr'><strong>tiplicique</strong></span> <span class='ocrx_word' id='word_1_106' title='bbox 684 2082 885 2128; x_wconf 86' lang='lat' dir='ltr'><strong>cursu</strong></span> <span class='ocrx_word' id='word_1_107' title='bbox 926 2082 1132 2149; x_wconf 84' lang='lat' dir='ltr'><strong>genus</strong></span> <span class='ocrx_word' id='word_1_108' title='bbox 1173 2059 1529 2126; x_wconf 86' lang='lat' dir='ltr'><strong>humanum</strong></span> <span class='ocrx_word' id='word_1_109' title='bbox 1572 2058 1947 2149; x_wconf 84' lang='lat' dir='ltr'><strong>gubernari,</strong></span> <span class='ocrx_word' id='word_1_110' title='bbox 1989 2059 2109 2127; x_wconf 89' lang='lat' dir='ltr'><strong>sed</strong></span> <span class='ocrx_word' id='word_1_111' title='bbox 2146 2061 2433 2151; x_wconf 82' lang='lat' dir='ltr'><strong>ipsarum</strong></span> 
     </span>
     <span class='ocr_line' id='line_1_16' title="bbox 230 2172 2432 2266; baseline 0.001 -24"><span class='ocrx_word' id='word_1_112' title='bbox 230 2198 296 2242; x_wconf 70' lang='grc' dir='ltr'><strong>ιε</strong></span> <span class='ocrx_word' id='word_1_113' title='bbox 322 2185 537 2244; x_wconf 86' lang='lat' dir='ltr'><strong>motus</strong></span> <span class='ocrx_word' id='word_1_114' title='bbox 588 2173 1054 2266; x_wconf 73' lang='lat' dir='ltr'><strong>schemateque</strong></span> <span class='ocrx_word' id='word_1_115' title='bbox 1115 2183 1181 2241; x_wconf 89' lang='lat' dir='ltr'><strong>et</strong></span> <span class='ocrx_word' id='word_1_116' title='bbox 1230 2174 1499 2241; x_wconf 80' lang='lat' dir='ltr'><strong>effeetus</strong></span> <span class='ocrx_word' id='word_1_117' title='bbox 1550 2196 1592 2241; x_wconf 89' lang='lat' dir='ltr'><strong>a</strong></span> <span class='ocrx_word' id='word_1_118' title='bbox 1640 2172 1780 2240; x_wconf 89' lang='lat' dir='ltr'><strong>sole</strong></span> <span class='ocrx_word' id='word_1_119' title='bbox 1834 2174 2061 2243; x_wconf 85' lang='lat' dir='ltr'><strong>crebro</strong></span> <span class='ocrx_word' id='word_1_120' title='bbox 2113 2175 2432 2245; x_wconf 82' lang='lat' dir='ltr'><strong>inmutari.</strong></span> 
     </span>
     <span class='ocr_line' id='line_1_17' title="bbox 318 2287 2433 2360; baseline -0 0"><span class='ocrx_word' id='word_1_121' title='bbox 318 2313 474 2360; x_wconf 76' lang='lat' dir='ltr'><strong>nam</strong></span> <span class='ocrx_word' id='word_1_122' title='bbox 515 2300 588 2358; x_wconf 90' lang='lat' dir='ltr'><strong>ut</strong></span> <span class='ocrx_word' id='word_1_123' title='bbox 631 2289 793 2357; x_wconf 84' lang='lat' dir='ltr'><strong>aliae</strong></span> <span class='ocrx_word' id='word_1_124' title='bbox 841 2299 1151 2357; x_wconf 77' lang='lat' dir='ltr'><strong>occasum</strong></span> <span class='ocrx_word' id='word_1_125' title='bbox 1202 2287 1552 2356; x_wconf 84' lang='lat' dir='ltr'><strong>nonnullae</strong></span> <span class='ocrx_word' id='word_1_126' title='bbox 1597 2289 1941 2357; x_wconf 81' lang='lat' dir='ltr'><strong>stationem</strong></span> <span class='ocrx_word' id='word_1_127' title='bbox 1993 2291 2229 2358; x_wconf 82' lang='lat' dir='ltr'><strong>faciant</strong></span> <span class='ocrx_word' id='word_1_128' title='bbox 2276 2312 2433 2360; x_wconf 89' lang='lat' dir='ltr'><strong>nos-</strong></span> 
     </span>
     <span class='ocr_line' id='line_1_18' title="bbox 322 2381 2432 2499; baseline 0 -24"><span class='ocrx_word' id='word_1_129' title='bbox 322 2429 451 2499; x_wconf 87' lang='lat' dir='ltr'><strong>que</strong></span> <span class='ocrx_word' id='word_1_130' title='bbox 493 2381 716 2474; x_wconf 81' lang='lat' dir='ltr'><strong>omnes</strong></span> <span class='ocrx_word' id='word_1_131' title='bbox 756 2403 882 2473; x_wconf 87' lang='lat' dir='ltr'><strong>hac</strong></span> <span class='ocrx_word' id='word_1_132' title='bbox 922 2426 1040 2473; x_wconf 88' lang='lat' dir='ltr'><strong>sua</strong></span> <span class='ocrx_word' id='word_1_133' title='bbox 1078 2401 1360 2496; x_wconf 81' lang='lat' dir='ltr'><strong>disparili</strong></span> <span class='ocrx_word' id='word_1_134' title='bbox 1400 2410 1846 2495; x_wconf 75' lang='lat' dir='ltr'><strong>temperatura</strong></span> <span class='ocrx_word' id='word_1_135' title='bbox 1897 2402 2230 2490; x_wconf 74' lang='lat' dir='ltr'><strong>adficient,</strong></span> <span class='ocrx_word' id='word_1_136' title='bbox 2276 2406 2432 2477; x_wconf 81' lang='lat' dir='ltr'><strong>solis</strong></span> 
     </span>
     <span class='ocr_line' id='line_1_19' title="bbox 321 2517 2495 2613; baseline 0 -21"><span class='ocrx_word' id='word_1_137' title='bbox 321 2523 457 2592; x_wconf 89' lang='lat' dir='ltr'><strong>fieri</strong></span> <span class='ocrx_word' id='word_1_138' title='bbox 497 2521 803 2613; x_wconf 87' lang='lat' dir='ltr'><strong>potentia.</strong></span> <span class='ocrx_word' id='word_1_139' title='bbox 888 2521 1106 2612; x_wconf 87' lang='lat' dir='ltr'><strong>itaque</strong></span> <span class='ocrx_word' id='word_1_140' title='bbox 1151 2542 1323 2603; x_wconf 87' lang='lat' dir='ltr'><strong>eum,</strong></span> <span class='ocrx_word' id='word_1_141' title='bbox 1364 2521 1473 2610; x_wconf 87' lang='lat' dir='ltr'><strong>qui</strong></span> <span class='ocrx_word' id='word_1_142' title='bbox 1515 2517 1736 2587; x_wconf 86' lang='lat' dir='ltr'><strong>stellas</strong></span> <span class='ocrx_word' id='word_1_143' title='bbox 1787 2520 1963 2609; x_wconf 83' lang='lat' dir='ltr'><strong>ipsas</strong></span> <span class='ocrx_word' id='word_1_144' title='bbox 2018 2521 2246 2612; x_wconf 87' lang='lat' dir='ltr'><strong>quibus</strong></span> <span class='ocrx_word' id='word_1_145' title='bbox 2290 2544 2432 2589; x_wconf 69' lang='lat' dir='ltr'><strong>nio-.-</strong></span> <span class='ocrx_word' id='word_1_146' title='bbox 2458 2539 2495 2594; x_wconf 84' lang='grc'>3</span> 
     </span>
     <span class='ocr_line' id='line_1_20' title="bbox 320 2634 2432 2728; baseline -0 -22"><span class='ocrx_word' id='word_1_147' title='bbox 320 2660 552 2706; x_wconf 77' lang='lat' dir='ltr'><strong>vemur</strong></span> <span class='ocrx_word' id='word_1_148' title='bbox 599 2642 972 2726; x_wconf 80' lang='lat' dir='ltr'><strong>permovet,</strong></span> <span class='ocrx_word' id='word_1_149' title='bbox 1030 2644 1098 2702; x_wconf 88' lang='lat' dir='ltr'><strong>et</strong></span> <span class='ocrx_word' id='word_1_150' title='bbox 1148 2635 1431 2702; x_wconf 85' lang='lat' dir='ltr'><strong>animam</strong></span> <span class='ocrx_word' id='word_1_151' title='bbox 1479 2635 1665 2702; x_wconf 84' lang='lat' dir='ltr'><strong>nobis</strong></span> <span class='ocrx_word' id='word_1_152' title='bbox 1723 2634 1880 2703; x_wconf 81' lang='lat' dir='ltr'><strong>dare</strong></span> <span class='ocrx_word' id='word_1_153' title='bbox 1932 2658 2074 2728; x_wconf 78' lang='lat' dir='ltr'><strong>qua-</strong></span> <span class='ocrx_word' id='word_1_154' title='bbox 2107 2658 2432 2726; x_wconf 79' lang='lat' dir='ltr'><strong>regamur,</strong></span> 
     </span>
     <span class='ocr_line' id='line_1_21' title="bbox 236 2749 2438 2846; baseline 0 -29"><span class='ocrx_word' id='word_1_155' title='bbox 236 2751 966 2846; x_wconf 68' lang='lat' dir='ltr'><strong>aopotentissimumque</strong></span> <span class='ocrx_word' id='word_1_156' title='bbox 1005 2751 1073 2817; x_wconf 89' lang='lat' dir='ltr'><strong>in</strong></span> <span class='ocrx_word' id='word_1_157' title='bbox 1111 2771 1232 2817; x_wconf 86' lang='lat' dir='ltr'><strong>nos</strong></span> <span class='ocrx_word' id='word_1_158' title='bbox 1279 2772 1424 2816; x_wconf 83' lang='lat' dir='ltr'><strong>esse</strong></span> <span class='ocrx_word' id='word_1_159' title='bbox 1464 2750 1946 2841; x_wconf 82' lang='lat' dir='ltr'><strong>moderarique,</strong></span> <span class='ocrx_word' id='word_1_160' title='bbox 1987 2749 2246 2842; x_wconf 84' lang='lat' dir='ltr'><strong>quando</strong></span> <span class='ocrx_word' id='word_1_161' title='bbox 2288 2761 2438 2841; x_wconf 78' lang='lat' dir='ltr'><strong>post</strong></span> 
     </span>
     <span class='ocr_line' id='line_1_22' title="bbox 184 2862 2436 2958; baseline -0.002 -21"><span class='ocrx_word' id='word_1_162' title='bbox 184 2912 193 2915; x_wconf 93' lang='lat'><em>-</em></span> <span class='ocrx_word' id='word_1_163' title='bbox 320 2867 814 2958; x_wconf 83' lang='lat' dir='ltr'><strong>conceptionem</strong></span> <span class='ocrx_word' id='word_1_164' title='bbox 855 2866 1191 2932; x_wconf 87' lang='lat' dir='ltr'><strong>veniamus</strong></span> <span class='ocrx_word' id='word_1_165' title='bbox 1232 2865 1299 2931; x_wconf 85' lang='lat' dir='ltr'><strong>in</strong></span> <span class='ocrx_word' id='word_1_166' title='bbox 1341 2862 1588 2948; x_wconf 79' lang='lat' dir='ltr'><strong>luoem3</strong></span> <span class='ocrx_word' id='word_1_167' title='bbox 1622 2865 1738 2933; x_wconf 82' lang='lat' dir='ltr'><strong>sed</strong></span> <span class='ocrx_word' id='word_1_168' title='bbox 1768 2863 1895 2933; x_wconf 89' lang='lat' dir='ltr'><strong>hoc</strong></span> <span class='ocrx_word' id='word_1_169' title='bbox 1916 2887 2034 2955; x_wconf 87' lang='lat' dir='ltr'><strong>per</strong></span> <span class='ocrx_word' id='word_1_170' title='bbox 2066 2873 2197 2932; x_wconf 81' lang='lat' dir='ltr'><strong>tres</strong></span> <span class='ocrx_word' id='word_1_171' title='bbox 2219 2866 2436 2933; x_wconf 82' lang='lat' dir='ltr'><strong>facere</strong></span> 
     </span>
    </p>
   </div>
   <div class='ocr_carea' id='block_1_3' title="bbox 323 3065 2437 3222">
    <p class='ocr_par' dir='ltr' id='par_1_3' title="bbox 323 3065 2437 3222">
     <span class='ocr_line' id='line_1_23' title="bbox 323 3065 2437 3146; baseline -0.002 -17"><span class='ocrx_word' id='word_1_172' title='bbox 323 3077 362 3129; x_wconf 86' lang='lat'><strong>3</strong></span> <span class='ocrx_word' id='word_1_173' title='bbox 400 3080 521 3129; x_wconf 87' lang='lat' dir='ltr'><strong>tum</strong></span> <span class='ocrx_word' id='word_1_174' title='bbox 564 3070 672 3127; x_wconf 88' lang='lat' dir='ltr'><strong>Ch.</strong></span> <span class='ocrx_word' id='word_1_175' title='bbox 826 3068 865 3126; x_wconf 82' lang='lat'><strong><em>4</em></strong></span> <span class='ocrx_word' id='word_1_176' title='bbox 901 3067 1041 3125; x_wconf 87' lang='lat' dir='ltr'><strong>mihi</strong></span> <span class='ocrx_word' id='word_1_177' title='bbox 1079 3085 1256 3145; x_wconf 85' lang='lat' dir='ltr'><strong>supra</strong></span> <span class='ocrx_word' id='word_1_178' title='bbox 1291 3087 1350 3126; x_wconf 88' lang='lat' dir='ltr'><strong>n.</strong></span> <span class='ocrx_word' id='word_1_179' title='bbox 1518 3068 1554 3126; x_wconf 89' lang='lat'><strong>5</strong></span> <span class='ocrx_word' id='word_1_180' title='bbox 1594 3075 1937 3146; x_wconf 84' lang='lat' dir='ltr'><strong>putaverunt</strong></span> <span class='ocrx_word' id='word_1_181' title='bbox 2095 3085 2274 3145; x_wconf 84' lang='lat' dir='ltr'><strong>posse</strong></span> <span class='ocrx_word' id='word_1_182' title='bbox 2312 3065 2437 3131; x_wconf 81' lang='lat' dir='ltr'><strong>fieri</strong></span> 
     </span>
     <span class='ocr_line' id='line_1_24' title="bbox 325 3142 2265 3222; baseline -0.004 -13"><span class='ocrx_word' id='word_1_183' title='bbox 325 3153 393 3209; x_wconf 90' lang='lat'><strong>11</strong></span> <span class='ocrx_word' id='word_1_184' title='bbox 438 3148 599 3205; x_wconf 82' lang='lat' dir='ltr'><strong>nasci</strong></span> <span class='ocrx_word' id='word_1_185' title='bbox 636 3146 789 3203; x_wconf 86' lang='lat' dir='ltr'><strong>hom.</strong></span> <span class='ocrx_word' id='word_1_186' title='bbox 946 3148 1022 3204; x_wconf 87' lang='lat'><strong>17</strong></span> <span class='ocrx_word' id='word_1_187' title='bbox 1061 3162 1258 3201; x_wconf 89' lang='lat' dir='ltr'><strong>omnes</strong></span> <span class='ocrx_word' id='word_1_188' title='bbox 1300 3142 1562 3222; x_wconf 85' lang='lat' dir='ltr'><strong>disparili</strong></span> <span class='ocrx_word' id='word_1_189' title='bbox 1600 3161 1707 3199; x_wconf 87' lang='lat' dir='ltr'><strong>sua</strong></span> <span class='ocrx_word' id='word_1_190' title='bbox 1745 3150 1786 3200; x_wconf 90' lang='lat' dir='ltr'><strong>t.</strong></span> <span class='ocrx_word' id='word_1_191' title='bbox 1945 3147 2019 3204; x_wconf 87' lang='lat'><strong>19</strong></span> <span class='ocrx_word' id='word_1_192' title='bbox 2058 3153 2117 3201; x_wconf 87' lang='lat' dir='ltr'><strong>et</strong></span> <span class='ocrx_word' id='word_1_193' title='bbox 2155 3161 2265 3203; x_wconf 74' lang='lat' dir='ltr'><strong>om-</strong></span> 
     </span>
    </p>
   </div>
   <div class='ocr_carea' id='block_1_4' title="bbox 322 3333 2534 4315">
    <p class='ocr_par' dir='ltr' id='par_1_4' title="bbox 322 3333 2534 3946">
     <span class='ocr_line' id='line_1_25' title="bbox 324 3333 2245 3412; baseline -0.004 -13"><span class='ocrx_word' id='word_1_194' title='bbox 324 3346 365 3399; x_wconf 85' lang='lat'><strong>2</strong></span> <span class='ocrx_word' id='word_1_195' title='bbox 401 3340 644 3398; x_wconf 75' lang='lat' dir='ltr'><strong>Aristot.</strong></span> <span class='ocrx_word' id='word_1_196' title='bbox 686 3336 761 3395; x_wconf 85' lang='lat' dir='ltr'><strong>cf.</strong></span> <span class='ocrx_word' id='word_1_197' title='bbox 800 3335 933 3394; x_wconf 85' lang='lat' dir='ltr'><strong>hist.</strong></span> <span class='ocrx_word' id='word_1_198' title='bbox 974 3354 1066 3395; x_wconf 81' lang='lat' dir='ltr'><strong>an.</strong></span> <span class='ocrx_word' id='word_1_199' title='bbox 1108 3335 1233 3403; x_wconf 86' lang='lat' dir='ltr'><strong>VII,</strong></span> <span class='ocrx_word' id='word_1_200' title='bbox 1258 3335 1315 3393; x_wconf 82' lang='lat'><strong>4.</strong></span> <span class='ocrx_word' id='word_1_201' title='bbox 1355 3353 1486 3411; x_wconf 86' lang='lat' dir='ltr'><strong>gen.</strong></span> <span class='ocrx_word' id='word_1_202' title='bbox 1530 3351 1622 3391; x_wconf 69' lang='lat' dir='ltr'><strong>an,</strong></span> <span class='ocrx_word' id='word_1_203' title='bbox 1662 3333 1718 3391; x_wconf 93' lang='grc'><strong>4.</strong></span> <span class='ocrx_word' id='word_1_204' title='bbox 1771 3333 1958 3412; x_wconf 85' lang='lat' dir='ltr'><strong>probl.</strong></span> <span class='ocrx_word' id='word_1_205' title='bbox 1999 3334 2124 3403; x_wconf 87' lang='lat' dir='ltr'><strong>XL,</strong></span> <span class='ocrx_word' id='word_1_206' title='bbox 2153 3339 2245 3393; x_wconf 84' lang='grc'><strong>10.</strong></span> 
     </span>
     <span class='ocr_line' id='line_1_26' title="bbox 322 3410 2438 3489; baseline -0.003 -15"><span class='ocrx_word' id='word_1_207' title='bbox 322 3420 569 3474; x_wconf 73' lang='lat' dir='ltr'><strong>sentiunt</strong></span> <span class='ocrx_word' id='word_1_208' title='bbox 602 3414 683 3489; x_wconf 87' lang='lat' dir='ltr'><strong>gl.</strong></span> <span class='ocrx_word' id='word_1_209' title='bbox 802 3414 842 3471; x_wconf 87' lang='lat'>4</span> <span class='ocrx_word' id='word_1_210' title='bbox 876 3412 1014 3470; x_wconf 69' lang='lat' dir='ltr'><strong>milii</strong></span> <span class='ocrx_word' id='word_1_211' title='bbox 1052 3432 1165 3469; x_wconf 88' lang='lat' dir='ltr'><strong>om.</strong></span> <span class='ocrx_word' id='word_1_212' title='bbox 1204 3412 1373 3488; x_wconf 85' lang='lat' dir='ltr'><strong>Rgla.</strong></span> <span class='ocrx_word' id='word_1_213' title='bbox 1491 3414 1527 3468; x_wconf 82' lang='lat'><strong>5</strong></span> <span class='ocrx_word' id='word_1_214' title='bbox 1565 3416 1898 3486; x_wconf 75' lang='lat' dir='ltr'><strong>putaverunt</strong></span> <span class='ocrx_word' id='word_1_215' title='bbox 1934 3410 2012 3487; x_wconf 85' lang='lat' dir='ltr'><strong>gl.</strong></span> <span class='ocrx_word' id='word_1_216' title='bbox 2131 3410 2337 3487; x_wconf 69' lang='lat' dir='ltr'><strong>Ephiy.</strong></span> <span class='ocrx_word' id='word_1_217' title='bbox 2365 3411 2438 3480; x_wconf 92' lang='lat' dir='ltr'><strong>D,</strong></span> 
     </span>
     <span class='ocr_line' id='line_1_27' title="bbox 326 3479 2437 3569; baseline 0 -22"><span class='ocrx_word' id='word_1_218' title='bbox 326 3493 546 3569; x_wconf 62' lang='lat' dir='ltr'><strong><em>EPMU·</em></strong></span> <span class='ocrx_word' id='word_1_219' title='bbox 585 3492 660 3547; x_wconf 91' lang='lat' dir='ltr'><strong>R.</strong></span> <span class='ocrx_word' id='word_1_220' title='bbox 777 3492 815 3546; x_wconf 84' lang='lat'>6</span> <span class='ocrx_word' id='word_1_221' title='bbox 857 3492 1221 3565; x_wconf 72' lang='lat' dir='ltr'><strong>Hippocratis</strong></span> <span class='ocrx_word' id='word_1_222' title='bbox 1255 3489 1384 3545; x_wconf 83' lang='lat' dir='ltr'><strong>DR.</strong></span> <span class='ocrx_word' id='word_1_223' title='bbox 1428 3487 1523 3544; x_wconf 82' lang='lat' dir='ltr'><strong>Cf.</strong></span> <span class='ocrx_word' id='word_1_224' title='bbox 1550 3505 1615 3545; x_wconf 87' lang='grc' dir='ltr'><strong>π.</strong></span> <span class='ocrx_word' id='word_1_225' title='bbox 1653 3479 1955 3562; x_wconf 57' lang='lat' dir='ltr'><strong>«iuvamina</strong></span> <span class='ocrx_word' id='word_1_226' title='bbox 1991 3484 2237 3566; x_wconf 78' lang='lat' dir='ltr'><strong>1p.&#39;258</strong></span> <span class='ocrx_word' id='word_1_227' title='bbox 2257 3506 2348 3564; x_wconf 87' lang='lat' dir='ltr'><strong>sq.</strong></span> <span class='ocrx_word' id='word_1_228' title='bbox 2368 3488 2437 3547; x_wconf 82' lang='lat' dir='ltr'><strong>F.</strong></span> 
     </span>
     <span class='ocr_line' id='line_1_28' title="bbox 327 3562 2440 3644; baseline -0.003 -16"><span class='ocrx_word' id='word_1_229' title='bbox 327 3576 404 3629; x_wconf 88' lang='grc'><strong>10</strong></span> <span class='ocrx_word' id='word_1_230' title='bbox 440 3585 582 3644; x_wconf 69' lang='lat' dir='ltr'><strong>quin·</strong></span> <span class='ocrx_word' id='word_1_231' title='bbox 617 3568 689 3624; x_wconf 87' lang='lat' dir='ltr'><strong>R.</strong></span> <span class='ocrx_word' id='word_1_232' title='bbox 828 3569 897 3623; x_wconf 93' lang='lat'><strong>11</strong></span> <span class='ocrx_word' id='word_1_233' title='bbox 940 3571 1163 3623; x_wconf 73' lang='lat' dir='ltr'><strong>tantum</strong></span> <span class='ocrx_word' id='word_1_234' title='bbox 1197 3566 1275 3643; x_wconf 87' lang='lat' dir='ltr'><strong>gl.</strong></span> <span class='ocrx_word' id='word_1_235' title='bbox 1417 3565 1583 3622; x_wconf 72' lang='lat' dir='ltr'><strong>nasci</strong></span> <span class='ocrx_word' id='word_1_236' title='bbox 1616 3562 1764 3621; x_wconf 73' lang='lat' dir='ltr'><strong>hom.</strong></span> <span class='ocrx_word' id='word_1_237' title='bbox 1804 3564 1882 3641; x_wconf 89' lang='grc'><strong>31.</strong></span> <span class='ocrx_word' id='word_1_238' title='bbox 2023 3568 2099 3622; x_wconf 86' lang='grc'><strong>12</strong></span> <span class='ocrx_word' id='word_1_239' title='bbox 2135 3570 2324 3641; x_wconf 62' lang='lat' dir='ltr'><strong>acuam</strong></span> <span class='ocrx_word' id='word_1_240' title='bbox 2362 3565 2440 3623; x_wconf 82' lang='lat' dir='ltr'><strong>cf.</strong></span> 
     </span>
     <span class='ocr_line' id='line_1_29' title="bbox 325 3639 2442 3714; baseline -0.002 -10"><span class='ocrx_word' id='word_1_241' title='bbox 325 3650 508 3704; x_wconf 74' lang='lat' dir='ltr'><strong>Amin.</strong></span> <span class='ocrx_word' id='word_1_242' title='bbox 530 3644 710 3700; x_wconf 86' lang='lat' dir='ltr'><strong>Marc.</strong></span> <span class='ocrx_word' id='word_1_243' title='bbox 731 3641 887 3709; x_wconf 89' lang='lat' dir='ltr'><strong>XXI,</strong></span> <span class='ocrx_word' id='word_1_244' title='bbox 916 3641 1008 3711; x_wconf 80' lang='lat'><strong>14,</strong></span> <span class='ocrx_word' id='word_1_245' title='bbox 1031 3646 1098 3699; x_wconf 87' lang='grc'><strong>3.·</strong></span> <span class='ocrx_word' id='word_1_246' title='bbox 1140 3645 1351 3700; x_wconf 74' lang='lat' dir='ltr'><strong>Ferunt</strong></span> <span class='ocrx_word' id='word_1_247' title='bbox 1391 3639 1623 3714; x_wconf 70' lang='lat' dir='ltr'><strong>theoloyi</strong></span> <span class='ocrx_word' id='word_1_248' title='bbox 1639 3639 2044 3699; x_wconf 55' lang='lat' dir='ltr'><strong>e-Itominibus</strong></span> <span class='ocrx_word' id='word_1_249' title='bbox 2065 3672 2143 3682; x_wconf 91' lang='lat'>—</span> <span class='ocrx_word' id='word_1_250' title='bbox 2221 3640 2442 3700; x_wconf 70' lang='lat' dir='ltr'><strong>uaedam</strong></span> 
     </span>
     <span class='ocr_line' id='line_1_30' title="bbox 323 3720 2534 3789; baseline -0.004 -7"><span class='ocrx_word' id='word_1_251' title='bbox 323 3722 474 3782; x_wconf 73' lang='lat' dir='ltr'><strong>vehat</strong></span> <span class='ocrx_word' id='word_1_252' title='bbox 510 3726 675 3779; x_wconf 66' lang='lat' dir='ltr'><strong>acm</strong></span> <span class='ocrx_word' id='word_1_253' title='bbox 712 3725 935 3776; x_wconf 77' lang='lat' dir='ltr'><strong>rectura</strong></span> <span class='ocrx_word' id='word_1_254' title='bbox 969 3721 1200 3777; x_wconf 66' lang='lat' dir='ltr'><strong>nmina</strong></span> <span class='ocrx_word' id='word_1_255' title='bbox 1225 3721 1457 3777; x_wconf 73' lang='lat' dir='ltr'><strong>eocioeri.</strong></span> <span class='ocrx_word' id='word_1_256' title='bbox 1616 3720 1937 3789; x_wconf 42' lang='lat' dir='ltr'><strong>laetania</strong></span> <span class='ocrx_word' id='word_1_257' title='bbox 1975 3722 2145 3776; x_wconf 83' lang='lat' dir='ltr'><strong>a21n.</strong></span> <span class='ocrx_word' id='word_1_258' title='bbox 2215 3758 2232 3786; x_wconf 88' lang='lat'><strong>,</strong></span> <span class='ocrx_word' id='word_1_259' title='bbox 2271 3725 2439 3777; x_wconf 72' lang='lat' dir='ltr'><strong>stan·</strong></span> <span class='ocrx_word' id='word_1_260' title='bbox 2525 3758 2534 3763; x_wconf 60' lang='grc'><strong>»</strong></span> 
     </span>
     <span class='ocr_line' id='line_1_31' title="bbox 324 3793 2440 3872; baseline -0.002 -14"><span class='ocrx_word' id='word_1_261' title='bbox 324 3799 478 3859; x_wconf 75' lang='lat' dir='ltr'><strong>tibus</strong></span> <span class='ocrx_word' id='word_1_262' title='bbox 513 3796 592 3872; x_wconf 83' lang='lat' dir='ltr'><strong>gl.</strong></span> <span class='ocrx_word' id='word_1_263' title='bbox 719 3798 792 3854; x_wconf 87' lang='grc'><strong>15</strong></span> <span class='ocrx_word' id='word_1_264' title='bbox 832 3793 1255 3870; x_wconf 66' lang='lat' dir='ltr'><strong>admotusque</strong></span> <span class='ocrx_word' id='word_1_265' title='bbox 1326 3794 1529 3868; x_wconf 85' lang='lat' dir='ltr'><strong>DRga.</strong></span> <span class='ocrx_word' id='word_1_266' title='bbox 1668 3798 1740 3852; x_wconf 89' lang='grc'><strong>16</strong></span> <span class='ocrx_word' id='word_1_267' title='bbox 1780 3801 1917 3853; x_wconf 76' lang='lat' dir='ltr'><strong>stat.</strong></span> <span class='ocrx_word' id='word_1_268' title='bbox 1954 3794 2071 3866; x_wconf 73' lang='lat' dir='ltr'><strong>fac.</strong></span> <span class='ocrx_word' id='word_1_269' title='bbox 2114 3793 2190 3851; x_wconf 85' lang='lat' dir='ltr'><strong>cf.</strong></span> <span class='ocrx_word' id='word_1_270' title='bbox 2219 3794 2440 3853; x_wconf 59' lang='lat' dir='ltr'><strong>VitruV·</strong></span> 
     </span>
     <span class='ocr_line' id='line_1_32' title="bbox 325 3869 2250 3946; baseline -0.005 -11"><span class='ocrx_word' id='word_1_271' title='bbox 325 3877 426 3943; x_wconf 86' lang='lat' dir='ltr'><strong>lv,</strong></span> <span class='ocrx_word' id='word_1_272' title='bbox 454 3880 587 3942; x_wconf 77' lang='grc'><strong>1,.9.</strong></span> <span class='ocrx_word' id='word_1_273' title='bbox 611 3877 704 3931; x_wconf 91' lang='grc'><strong>10.</strong></span> <span class='ocrx_word' id='word_1_274' title='bbox 743 3871 893 3929; x_wconf 82' lang='lat' dir='ltr'><strong>Plin.</strong></span> <span class='ocrx_word' id='word_1_275' title='bbox 934 3871 1005 3938; x_wconf 86' lang='grc' dir='ltr'><strong>ΙΙ,</strong></span> <span class='ocrx_word' id='word_1_276' title='bbox 1044 3874 1135 3939; x_wconf 89' lang='lat'><strong>17,</strong></span> <span class='ocrx_word' id='word_1_277' title='bbox 1158 3873 1249 3930; x_wconf 30' lang='lat'><strong>115.</strong></span> <span class='ocrx_word' id='word_1_278' title='bbox 1301 3870 1525 3942; x_wconf 73' lang='lat' dir='ltr'><strong>faciunt</strong></span> <span class='ocrx_word' id='word_1_279' title='bbox 1562 3869 1639 3929; x_wconf 84' lang='lat' dir='ltr'><strong>la.</strong></span> <span class='ocrx_word' id='word_1_280' title='bbox 1793 3889 1963 3946; x_wconf 77' lang='lat' dir='ltr'><strong>neque</strong></span> <span class='ocrx_word' id='word_1_281' title='bbox 2001 3889 2151 3931; x_wconf 69' lang='lat' dir='ltr'><strong>omn.</strong></span> <span class='ocrx_word' id='word_1_282' title='bbox 2191 3887 2250 3946; x_wconf 85' lang='lat' dir='ltr'><strong>g.</strong></span> 
     </span>
    </p>

    <p class='ocr_par' dir='ltr' id='par_1_5' title="bbox 325 3946 2446 4258">
     <span class='ocr_line' id='line_1_33' title="bbox 325 3946 2446 4024; baseline -0.004 -11"><span class='ocrx_word' id='word_1_283' title='bbox 325 3957 401 4013; x_wconf 89' lang='lat'><strong>17</strong></span> <span class='ocrx_word' id='word_1_284' title='bbox 438 3952 546 4010; x_wconf 74' lang='lat' dir='ltr'><strong>hac</strong></span> <span class='ocrx_word' id='word_1_285' title='bbox 580 3967 709 4015; x_wconf 59' lang='lat' dir='ltr'><strong>sua,</strong></span> <span class='ocrx_word' id='word_1_286' title='bbox 743 3947 1438 4024; x_wconf 66' lang='lat' dir='ltr'><strong>dieparilitateniperitura</strong></span> <span class='ocrx_word' id='word_1_287' title='bbox 1474 3946 1560 4014; x_wconf 90' lang='lat' dir='ltr'><strong>D,</strong></span> <span class='ocrx_word' id='word_1_288' title='bbox 1624 3946 1682 4007; x_wconf 71' lang='grc' dir='ltr'><strong>Ιι.</strong></span> <span class='ocrx_word' id='word_1_289' title='bbox 1720 3965 1770 4004; x_wconf 76' lang='lat' dir='ltr'><strong>s.</strong></span> <span class='ocrx_word' id='word_1_290' title='bbox 1810 3946 2192 4022; x_wconf 65' lang='lat' dir='ltr'><strong>disparilitate</strong></span> <span class='ocrx_word' id='word_1_291' title='bbox 2227 3949 2446 4022; x_wconf 77' lang='lat' dir='ltr'><strong>par-iter</strong></span> 
     </span>
     <span class='ocr_line' id='line_1_34' title="bbox 327 4021 2444 4105; baseline -0.002 -21"><span class='ocrx_word' id='word_1_292' title='bbox 327 4029 461 4105; x_wconf 84' lang='lat' dir='ltr'><strong>Rgl.</strong></span> <span class='ocrx_word' id='word_1_293' title='bbox 499 4024 741 4087; x_wconf 84' lang='lat' dir='ltr'><strong>Emend.</strong></span> <span class='ocrx_word' id='word_1_294' title='bbox 782 4024 825 4082; x_wconf 92' lang='grc'><strong>1.</strong></span> <span class='ocrx_word' id='word_1_295' title='bbox 869 4023 1162 4082; x_wconf 82' lang='lat' dir='ltr'><strong>Guilielm.</strong></span> <span class='ocrx_word' id='word_1_296' title='bbox 1206 4025 1372 4082; x_wconf 80' lang='lat' dir='ltr'><strong>veris.</strong></span> <span class='ocrx_word' id='word_1_297' title='bbox 1412 4023 1506 4090; x_wconf 88' lang='lat'>111,</span> <span class='ocrx_word' id='word_1_298' title='bbox 1528 4027 1583 4080; x_wconf 89' lang='grc'><strong>6.</strong></span> <span class='ocrx_word' id='word_1_299' title='bbox 1634 4022 1692 4080; x_wconf 68' lang='grc' dir='ltr'><strong>ἢ.</strong></span> <span class='ocrx_word' id='word_1_300' title='bbox 1730 4041 1781 4080; x_wconf 73' lang='lat' dir='ltr'><strong>s.</strong></span> <span class='ocrx_word' id='word_1_301' title='bbox 1822 4021 2094 4099; x_wconf 58' lang='lat' dir='ltr'><strong>disparili</strong></span> <span class='ocrx_word' id='word_1_302' title='bbox 2139 4029 2260 4080; x_wconf 65' lang='lat' dir='ltr'><strong>tant</strong></span> <span class='ocrx_word' id='word_1_303' title='bbox 2307 4029 2444 4083; x_wconf 61' lang='lat' dir='ltr'><strong>m</strong></span> 
     </span>
     <span class='ocr_line' id='line_1_35' title="bbox 325 4098 2445 4233; baseline -0.004 -68"><span class='ocrx_word' id='word_1_304' title='bbox 325 4111 598 4183; x_wconf 69' lang='lat' dir='ltr'><strong>pau-atam</strong></span> <span class='ocrx_word' id='word_1_305' title='bbox 616 4102 1013 4233; x_wconf 50' lang='lat' dir='ltr'><strong>flmmeum</strong></span> <span class='ocrx_word' id='word_1_306' title='bbox 1038 4118 1129 4160; x_wconf 81' lang='lat' dir='ltr'><strong>ex.</strong></span> <span class='ocrx_word' id='word_1_307' title='bbox 1153 4120 1232 4159; x_wconf 84' lang='lat' dir='ltr'><strong>cr.</strong></span> <span class='ocrx_word' id='word_1_308' title='bbox 1253 4099 1304 4157; x_wconf 94' lang='lat'><strong>11</strong></span> <span class='ocrx_word' id='word_1_309' title='bbox 1319 4103 1521 4178; x_wconf 81' lang='lat' dir='ltr'><strong>p.235.</strong></span> <span class='ocrx_word' id='word_1_310' title='bbox 1676 4104 1749 4157; x_wconf 82' lang='grc'><strong>19</strong></span> <span class='ocrx_word' id='word_1_311' title='bbox 1773 4106 1827 4157; x_wconf 77' lang='lat' dir='ltr'><strong>et</strong></span> <span class='ocrx_word' id='word_1_312' title='bbox 1852 4117 1963 4157; x_wconf 88' lang='lat' dir='ltr'><strong>om.</strong></span> <span class='ocrx_word' id='word_1_313' title='bbox 1989 4098 2100 4175; x_wconf 85' lang='lat' dir='ltr'><strong>Dg.</strong></span> <span class='ocrx_word' id='word_1_314' title='bbox 2205 4103 2276 4159; x_wconf 84' lang='lat'><strong>21</strong></span> <span class='ocrx_word' id='word_1_315' title='bbox 2311 4118 2445 4158; x_wconf 77' lang='lat' dir='ltr'><strong>con-</strong></span> 
     </span>
     <span class='ocr_line' id='line_1_36' title="bbox 330 4185 1877 4258; baseline -0.016 -19"><span class='ocrx_word' id='word_1_316' title='bbox 330 4185 579 4258; x_wconf 73' lang='lat' dir='ltr'><strong>ceptione</strong></span> <span class='ocrx_word' id='word_1_317' title='bbox 673 4220 688 4234; x_wconf 91' lang='lat'><strong>.</strong></span> <span class='ocrx_word' id='word_1_318' title='bbox 1869 4206 1877 4215; x_wconf 88' lang='lat'>.</span> 
     </span>
    </p>

    <p class='ocr_par' dir='ltr' id='par_1_6' title="bbox 1866 4253 1958 4315">
     <span class='ocr_line' id='line_1_37' title="bbox 1866 4253 1958 4315; baseline 0 -31"><span class='ocrx_word' id='word_1_319' title='bbox 1866 4253 1906 4315; x_wconf 71' lang='grc'><strong>2</strong></span> <span class='ocrx_word' id='word_1_320' title='bbox 1935 4256 1958 4284; x_wconf 53' lang='grc' dir='ltr'><strong><em>ἡ</em></strong></span> 
     </span>
    </p>
   </div>
  </div>
 </body>
</html>
