3025 4925
605 399 679 452 10
1206 392 1312 451 ΒΕ
1351 391 1481 451 DIE
1522 391 1816 450 NATALI
1858 392 2025 451 CAP.
2053 391 2114 451 4.

602 553 794 622 simul
838 563 904 621 et
946 552 1089 622 finis
1129 577 1273 621 esse
1314 554 1627 621 videatur.
1717 554 1846 638 Qui
1881 560 2099 620 autem
2129 550 2422 618 homines
2461 550 2710 644 aflquos
2736 570 2778 627 5

601 667 1015 760 primigenios
1049 669 1349 737 divinitus
1390 678 1703 736 naturave
1748 670 1951 735 factos
1997 666 2336 737 crederent
2364 666 2550 734 multi
2569 670 2711 736 fue·-

601 793 771 867 runt,
813 781 930 852 sed
968 782 1150 852 aliter
1192 794 1385 876 atque
1429 783 1613 851 aliter
1653 786 1728 851 in
1767 781 1888 850 hac
1943 783 2416 850 existimatione
2450 783 2709 849 versati.

599 897 773 968 Nam
800 908 875 967 ut
905 899 1173 982 mittam,
1215 899 1389 992 quod
1421 898 2118 989 fabularespoetarum·
2141 896 2447 966 historiae
2477 899 2711 980 ferunt,
2737 905 2779 958 6

550 1025 576 1064 ⁵
600 1012 894 1082 homines
937 1014 1178 1105 primos
1222 1024 1338 1082 aut
1376 1012 1748 1082 Promethei
1787 1011 1970 1080 molli
2009 1010 2146 1079 luto
2202 1034 2347 1078 esse
2400 1012 2711 1079 formatos

606 1138 720 1196 aut
769 1127 1188 1197 Deucalionis
1245 1128 1670 1221 Pyrrhaeque
1719 1128 1895 1195 duris
1949 1125 2265 1218 lapidibus
2326 1145 2470 1194 esse
2521 1136 2712 1194 natos

598 1243 832 1337 [Verg.
916 1244 1119 1312 Hinc
1183 1243 1493 1335 lapides
1548 1241 1905 1334 Pyrrhae
1964 1244 2262 1323 iactoS,
2327 1242 2708 1309 Saturnia

599 1382 874 1451 regna,
919 1369 986 1427 et
1026 1357 1204 1427 alibi:
1248 1359 1418 1445 Quo
1464 1368 1822 1449 tempore
1876 1358 2211 1448 primum
2252 1356 2709 1425 Deucalion

597 1496 931 1546 vacuum
972 1474 1279 1566 lapides
1322 1474 1664 1541 iactavit
1700 1477 1780 1543 in
1823 1472 2145 1559 o'rbem]‚
2189 1470 2448 1563 quidam
2486 1475 2572 1540 ek
2608 1475 2710 1563 ip-

520 1608 575 1648 10
596 1592 686 1657 sis
731 1592 1080 1681 sapientiae
1125 1588 1594 1680 professoribus
1636 1590 1858 1657 nescio
1889 1607 1972 1655 an
2011 1587 2217 1677 magis
2247 1595 2713 1669 mammeas,

594 1715 774 1774 certe
813 1727 946 1773 non
989 1708 1199 1772 minus
1252 1703 1657 1772 incredibiles
1711 1705 2034 1770 rationum
2071 1703 2336 1769 suarum
2370 1703 2714 1793 'proferunt

595 1818 947 1909 opiniones.
1036 1819 1520 1887 Anaximander
1548 1818 1836 1890 Milesius
1869 1817 2075 1886 videi-i
2107 1816 2225 1884 sibi
2260 1840 2347 1884 a
2371 1839 2546 1909 aqua
2573 1826 2706 1884 ter-
2731 1824 2775 1880 7

592 1954 796 2024 raque
840 1933 1167 2003 calefactis
1213 1944 1475 2002 exortos
1520 1957 1665 2001 esse
1707 1934 1846 2000 sive
1887 1935 2099 2024 pisces
2146 1932 2586 2022 seu‘piscibus
2617 1932 2710 1999 si—

591 2047 858 2117 millima
888 2049 1205 2133 animalia,
1248 2051 1318 2118 in
1359 2048 1457 2116 his
1497 2048 1796 2117 homines
1837 2047 2266 2130 concrevisse,
2296 2048 2593 2138 fetusque
2624 2045 2709 2114 ad

460 2175 465 2186 “
517 2184 569 2224 1⁵
593 2162 1000 2254 pubertatem
1042 2167 1213 2231 intus
1257 2174 1544 2232 retentos
1599 2174 1755 2231 tunc
1817 2163 2079 2230 demum
2118 2163 2324 2252 ruptis
2365 2161 2490 2228 illis
2531 2162 2707 2228 viros

592 2277 1024 2370 mulieresque
1070 2281 1179 2370 qui
1219 2280 1350 2348 iam
1392 2301 1465 2346 se
1506 2277 1682 2346 alere
1725 2286 1999 2369 possent
2049 2278 2462 2368 processisse.
2546 2275 2706 2343 Em-

588 2392 897 2484 pedocles
943 2404 1160 2463 autem
1206 2395 1467 2487 egregio
1507 2415 1626 2462 suo
1665 2394 1968 2476 carmine,
2002 2393 2177 2484 quod
2213 2392 2529 2459 eiusmodi
2560 2411 2707 2459 esse

588 2510 919 2600 praedicat
953 2509 1313 2594 LucretiuS‚
1359 2521 1443 2578 ut
1482 2511 1620 2578 vix
1661 2507 1996 2576 humana
2038 2508 2405 2575 videatur
2447 2509 2703 2599 stirpe

466 2636 479 2643 ‘
590 2635 907 2692 creatus
920 2678 939 2709 ‚
985 2626 1112 2694 tale
1159 2626 1463 2719 quiddam
1508 2623 1858 2692 confir-mat.
1959 2624 2165 2713 primo
2226 2621 2516 2691 membra
2568 2623 2768 2690 sin-8

584 2924 623 2976 3
663 2919 1059 2977 aestimatione
1193 2918 1231 2975 4
1254 2902 1510 2976 omittam
1601 2888 1606 2893 .
1665 2921 1839 2976 7--9
1879 2916 2055 2992 Verg.
2080 2944 2156 2959 --
2177 2917 2371 2975 orbem
2411 2933 2526 2975 nm-

589 3000 664 3057 10
701 3003 1054 3053 monstrosas
1225 3000 1298 3063 13
1338 2995 1457 3052 sive
1497 3015 1560 3073 p.
1602 2997 1721 3054 sive
1760 3016 1821 3073 p.
1981 2996 2053 3053 15
2093 3003 2211 3051 tum
2369 2997 2442 3050 16
2479 3012 2545 3051 se
2581 2993 2701 3050 iam

583 3269 622 3322 2
659 3264 1053 3340 primigenitos
1091 3281 1184 3340 ga.
1341 3280 1409 3320 ve
1446 3282 1557 3321 om.
1599 3261 1712 3338 gla.
1871 3265 1908 3318 3
1950 3259 2095 3317 altor
2134 3266 2300 3334 atque
2336 3256 2484 3314 alter
2519 3255 2594 3314 D.

582 3344 646 3398 in
685 3358 794 3395 om.
835 3339 1060 3416 DRgla.
1113 3339 1271 3415 quod
1308 3348 1500 3398 tamen
1541 3338 1748 3397 deesse
1787 3338 2005 3415 nequit.
2161 3336 2514 3394 aestuatione
2561 3334 2693 3391 cod.

584 3415 745 3495 apud
780 3416 982 3474 Barth.
1018 3417 1200 3479 Advv.
1240 3416 1477 3485 XXVII,
1505 3421 1598 3477 19.
1635 3464 1640 3469 ,
1714 3413 1754 3471 4
1791 3422 1858 3472 ut
1884 3417 2148 3486 omittam
2184 3411 2257 3480 D,
2305 3417 2362 3469 et
2385 3412 2611 3468 mittam
2634 3430 2693 3488 g.

583 3511 725 3571 quae
758 3490 879 3564 fab.
902 3511 1013 3569 ga.
1207 3496 1243 3553 5
1281 3491 1571 3565 furmtos
1608 3491 1682 3548 D.
1896 3495 1932 3548 6
1973 3496 2194 3554 §.enatos
2232 3485 2402 3565 (ras.)
2441 3485 2516 3544 D.

581 3574 734 3631 7—-.9
762 3574 926 3644 Vei-9.
945 3602 1021 3612 -—-
1039 3572 1102 3629 in
1139 3569 1326 3630 orbem
1360 3569 1579 3627 habent
1614 3566 1811 3644 DRgr.
1850 3566 1998 3626 undo
2031 3566 2284 3624 homines
2322 3567 2450 3623 nati
2484 3560 2695 3622 durum

580 3664 757 3722 ⁸qoam
795 3647 932 3705 add.
959 3646 999 3704 l.
1040 3649 1089 3703 A
1108 3647 1433 3723 glossatore
1466 3645 1666 3703 addita
1689 3665 1819 3704 esse
1858 3644 2000 3702 vidit
2022 3642 2252 3702 Medius
2280 3642 2437 3699 lectt.
2460 3648 2690 3698 novant.

582 3744 678 3803 ep.
706 3728 783 3784 67
802 3732 863 3781 et
888 3724 1149 3793 Vinetus,
1190 3743 1301 3781 om.
1333 3721 1558 3780 Carrio.
1678 3727 1746 3782 11
1788 3729 1902 3781 rat.
1929 3719 2295 3793 furiosarum
2320 3716 2507 3776 codex
2532 3717 2693 3795 apud

581 3802 783 3861 Barth.
811 3801 914 3858 1.1.
958 3802 1055 3878 qui
1094 3799 1229 3859 inde
1269 3800 1417 3857 coni.
1455 3805 1571 3857 rat.
1610 3806 1897 3858 sutorum.
2076 3800 2152 3856 12
2187 3797 2385 3854 Anax.
2422 3793 2497 3852 cf.
2537 3794 2692 3854 Plut.

583 3898 834 3958 sympos.
878 3878 1029 3946 vm,
1059 3882 1115 3937 8.
1155 3878 1372 3937 Euseb.
1411 3897 1501 3955 pr.
1544 3895 1631 3935 εν.
1670 3875 1715 3945 Ι,
1741 3881 1798 3936 8.
1982 3879 2055 3934 13
2096 3868 2435 3945 coalefaotis
2469 3864 2689 3930 Metu-s.

581 3977 671 4014 ex.
713 3958 836 4013 crit.
879 3955 946 4025 ΙΙ,
967 3958 1061 4013 23.
1177 3953 1404 4012 sionilia
1440 3954 1518 4031 gl.
1648 3953 1722 4012 14
1759 3952 2051 4027 fletusque
2078 3946 2379 4027 (a21n.)D.
2419 3954 2475 4005 et
2515 3965 2695 4025 usquo

580 4032 795 4091 Meurs.
823 4033 862 4089 l.
891 4033 930 4091 l.
1052 4034 1123 4092 15
1162 4037 1511 4108 pneumam
1534 4030 1608 4088 D.
1725 4035 1882 4106 rupi.
1906 4030 2035 4087 tms
2059 4029 2273 4086 Mem-s.
2301 4026 2341 4082 l.
2369 4025 2409 4083 l.
2525 4027 2681 4082 viro⁶

582 4106 895 4186 (a2m.)D.
1017 4113 1089 4168 16
1131 4107 1359 4185 Emped.
1400 4109 1475 4165 cf.
1516 4107 1789 4166 Karsten.
1831 4105 2074 4186 Emped.
2117 4125 2175 4183 p.
2197 4103 2329 4163 445.
2452 4106 2525 4161 18
2565 4105 2692 4160 Ln-

580 4193 732 4257 (τνεᾶὒ.ν
752 4187 793 4256 l,
819 4187 951 4244 734.
