3025 4925
906 418 1015 476 DE
1050 419 1183 476 Dm
1223 416 1518 476 NATALI
1562 417 1728 475 CAP.
1754 418 1814 476 4.
2349 423 2412 477 11

315 579 466 671 gula
511 602 595 646 ex
640 588 811 646 terra
855 579 1038 670 quasi
1074 588 1426 669 praegnate
1460 579 1704 669 passim
1746 578 1917 646 edita
1946 577 2182 646 deinde
2211 579 2423 646 coisse

316 704 385 762 et
426 695 723 762 effecisse
759 692 948 761 solidi
985 691 1260 762 hominis
1302 693 1641 759 materiam
1679 695 1814 785 igni
1856 692 2046 761 simul
2091 702 2162 760 et«
2194 711 2423 762 umore

312 811 716 901 permixtam.
788 809 1029 878 Cetera
1070 808 1220 899 quid
1262 830 1538 877 necesse
1567 818 1682 876 est
1717 809 2035 901 persequi,
2079 829 2248 901 quae
2289 831 2423 877 non

315 926 573 1013 capiant
598 922 1078 991 similitudinem
1097 924 1394 991 .veritatis
1414 922 1451 990 ‘2
1504 922 1689 994 Haec
1713 924 1944 992 eadem
1981 926 2196 1016 opinio
2228 925 2423 991 etiam

263 1067 287 1106 ⁵
315 1041 382 1107 in
424 1038 810 1107 Pal-menide
850 1038 1143 1108 Veliensi
1186 1046 1212 1074 *
1258 1046 1285 1075 *
1327 1040 1446 1105 fuit
1487 1037 1779 1130 pauculis
1825 1040 2116 1131 exceptis
2156 1037 2234 1107 ab
2263 1038 2423 1107 Em-

316 1154 591 1245 pedocle
634 1154 1044 1238 dissensisse,
1099 1153 1475 1222 Democrito
1530 1176 1689 1221 vero
1731 1153 2075 1223 Abderitae
2115 1179 2200 1224 ex
2250 1175 2420 1247 aqua
2444 1163 2482 1219 9

313 1252 597 1362 limoque
647 1271 926 1362 primum
978 1272 1192 1338 visum
1246 1292 1393 1338 esse
1441 1267 1736 1337 homines
1789 1278 2182 1360 procreatos.
2275 1267 2424 1337 Nec

314 1386 509 1476 longe
550 1408 741 1455 secus
781 1385 1128 1477 Epicurus:
1170 1378 1226 1452 is
1259 1388 1430 1452 enim
1462 1384 1733 1453 credidit
1762 1383 1920 1451 limo
1947 1384 2264 1453 calefacto
2275 1393 2424 1452 ute-

315 1524 425 1568 ros
466 1501 687 1569 nescio
733 1524 896 1592 quos
938 1500 1259 1568 radicibus
1300 1509 1510 1566 terrae
1554 1499 1975 1567 cohaerentes
2014 1500 2294 1589 primum
2322 1500 2424 1566 in·-

236 1624 293 1667 ¹⁰
319 1617 601 1685 crevisse
646 1627 713 1685 et
748 1615 1090 1683 infantibus
1135 1637 1223 1682 ex
1260 1637 1337 1683 se
1379 1614 1563 1686 editis
1601 1614 1968 1704 ingenitum
2007 1612 2191 1681 lactis
2231 1634 2420 1681 umo-

315 1749 455 1798 rem
492 1741 724 1799 natura
767 1731 1171 1798 ministrante
1211 1729 1614 1822 praebuisse,
1664 1750 1827 1821 quos
1867 1731 1959 1796 ita
2002 1728 2311 1795 educatos
2356 1736 2426 1795 et

316 1844 568 1913 adultos
610 1868 817 1936 genus
856 1845 1191 1913 hominum
1232 1866 1646 1937 propagasse.
1723 1842 1954 1909 Zenon
1980 1842 2240 1925 Gitims,
2264 1843 2421 1909 stoi·
2450 1852 2525 1905 10

317 1980 435 2027 cae
476 1970 697 2028 sectae
738 1961 1052 2043 conditor,
1094 1961 1476 2052 principium
1516 1958 1802 2024 humano
1847 1958 2070 2047 generi
2117 1980 2205 2025 ex
2243 1978 2428 2024 novo

315 2074 557 2141 mundo
601 2075 1019 2143 constitutum
1069 2076 1336 2167 putavit,
1387 2076 1761 2166 primosque
1815 2070 2109 2139 homines
2153 2095 2239 2141 ex
2281 2071 2428 2140 solo

318 2329 347 2382 1
382 2334 746 2402 praegnante
886 2330 925 2384 2
962 2324 1184 2383 humori
1325 2328 1360 2384 5
1400 2324 1491 2383 vel
1532 2326 1590 2382 in
1631 2322 1781 2383 Ste*
1818 2322 1928 2380 fuit
2067 2325 2105 2380 6
2147 2322 2424 2381 diss-ensis
2455 2341 2458 2344 ’

314 2401 352 2460 7
390 2402 572 2458 visum
612 2412 702 2462 est
843 2407 916 2462 12
960 2403 1202 2462 Cittieus

320 2638 349 2692 1
392 2639 659 2710 prognata
692 2632 767 2689 D.
810 2631 885 2689 cf.
925 2632 1133 2691 Faern.
1176 2632 1253 2690 ad
1292 2634 1433 2690 Ter.
1462 2633 1608 2689 Hec.
1636 2631 1736 2700 IV,
1762 2631 1818 2698 4,
1840 2635 1932 2691 18.
1975 2632 2248 2707 Wagner.
2276 2629 2424 2691 orth.

317 2711 494 2786 Verg.
535 2731 595 2789 p.
615 2710 729 2768 465
745 2727 831 2784 sq.
872 2707 1040 2767 Adde
1079 2709 1275 2767 Front.
1318 2709 1394 2766 ad
1421 2709 1501 2766 M.
1530 2708 1702 2766 Caes,
1731 2708 1831 2776 lv,
1858 2712 1894 2765 6
1934 2727 1993 2785 p.
2017 2708 2153 2766 104:
2192 2725 2426 2766 maenas

319 2784 448 2845 bene
482 2788 835 2863 praegnatis.
875 2792 1221 2861 praegnante
1257 2785 1389 2862 Rgl.
1524 2789 1562 2842 2
1600 2784 1851 2843 hominis
1886 2786 2009 2843 soli
2042 2803 2099 2862 g.
2139 2859 2219 2900 {er
2234 2787 2428 2877 umori

318 2912 452 2982 DR,
492 2911 724 2971 humori
758 2911 836 2988 gl.
970 2916 1006 2969 3
1044 2926 1208 2989 pros.
1240 2911 1318 2968 la.
1435 2913 1473 2968 5
1513 2910 1850 2968 parmenide
1885 2911 1976 2969 vel
2012 2912 2075 2967 in
2112 2917 2275 2968 s..te
2310 2909 2428 2982 fuit

319 2987 587 3066 D(ras.),
636 2989 728 3047 vel
764 2992 825 3046 in
864 2994 1035 3047 storto
1068 2987 1190 3061 fuit
1224 2988 1370 3064 Rgl,
1421 2987 1512 3044 vol
1549 2989 1613 3043 in
1650 2994 1806 3045 orato
1837 2986 1958 3058 fuit
1994 3006 2041 3044 r.
2094 2986 2428 3044 Parnm-ude

321 3066 516 3124 Eleate
550 3065 668 3138 fuit
715 3085 825 3123 em.
866 3065 1147 3142 Scaliger.
1197 3069 1268 3122 P.
1316 3064 1537 3121 Velini«
1572 3061 1688 3135 fuit
1738 3063 1780 3120 1.
1822 3064 2090 3140 Rutgers.
2132 3063 2262 3119 VV.
2301 3062 2424 3119 LL.

320 3144 393 3210 V,
415 3143 507 3202 14.
549 3147 616 3200 Ρ.
647 3141 899 3200 Veliensi
932 3140 1050 3214 fuit
1085 3141 1296 3218 Nagel.
1335 3142 1397 3197 in
1433 3158 1631 3218 progr.
1658 3140 1861 3198 Attorf.
1887 3141 2056 3201 1754.
2096 3144 2296 3199 Pam.
2334 3139 2429 3197 vel

322 3222 386 3276 tn
426 3224 649 3278 Zenone
684 3228 785 3277 aut
838 3222 1034 3277 Pam.
1073 3225 1129 3276 et
1169 3218 1389 3277 Vebiute
1428 3221 1653 3275 Zenone
1698 3218 1930 3296 Lipsius
1969 3216 2218 3296 physiol.
2259 3216 2423 3275 stoic.

322 3297 415 3365 111,
435 3297 492 3355 4.
533 3294 869 3353 Parmenido
903 3295 1221 3354 Melissove
1255 3294 1379 3368 fuit
1410 3294 1628 3352 Meurs.
1669 3312 1759 3352 ex.
1801 3314 1879 3352 cr.
1907 3295 1977 3363 11,
1997 3298 2052 3352 6.
2094 3292 2429 3352 Pamwntds

320 3374 495 3448 gellio
533 3371 770 3430 stubone
805 3371 921 3444 fuit
959 3372 1089 3430 cod.
1132 3372 1292 3452 apud
1315 3371 1516 3429 Barth.
1543 3371 1721 3428 Advv.
1747 3371 1984 3441 XXVII,
2006 3375 2100 3440 19,
2141 3370 2298 3428 unde
2328 3369 2423 3428 ed.

326 3450 494 3508 Cant.
536 3448 730 3507 effecit
777 3453 976 3507 Pam.
1033 3449 1254 3508 Veliate
1289 3456 1344 3506 et
1380 3450 1650 3506 Stratone
1682 3446 1823 3520 fuit.
1899 3449 1977 3506 Et
2006 3447 2257 3506 Veliensi
2295 3447 2426 3524 qui·

325 3527 457 3584 dem
493 3526 753 3606 proxime
791 3526 1018 3583 videtur
1052 3526 1133 3584 ad
1168 3545 1364 3584 verum
1403 3525 1703 3593 accedere,
1742 3525 1850 3583 sed
1877 3525 2034 3584 aliud
2061 3542 2290 3602 quoque
2316 3542 2426 3582 no-

323 3620 455 3661 men
495 3602 753 3661 additum
789 3602 973 3661 fuisse
1009 3610 1169 3681 puto.
1246 3603 1561 3659 Praeterea
1600 3603 1715 3660 alia
1761 3602 2046 3660 excidisse
2086 3602 2430 3659 documento

324 3689 441 3748 est,
493 3678 650 3755 quod
686 3697 739 3734 v·
799 3680 836 3736 6
875 3677 1212 3737 dissensisse
1259 3686 1319 3736 et
1356 3697 1409 3735 v:
1458 3683 1497 3738 7
1535 3681 1729 3737 visum
1775 3698 1891 3737 esse
1928 3680 1982 3735 D
2031 3676 2429 3756 (dissonam)

323 3756 505 3835 Rglra
555 3754 848 3823 exhibent,
899 3753 1057 3831 quod
1104 3764 1320 3813 temere
1365 3756 1425 3811 in
1471 3754 1781 3829 dissmis,
1843 3755 2013 3833 quale
2064 3756 2430 3833 participium

323 3852 439 3891 non
478 3832 589 3889 nisi
627 3848 699 3888 ex
736 3831 793 3888 h.
835 3833 874 3889 l.
916 3826 1182 3901 affertur,
1233 3840 1295 3890 et
1328 3833 1520 3890 vis-um
1556 3839 1641 3889 est
1662 3840 1969 3891 mutarunt.
2184 3835 2313 3889 uois
2350 3831 2390 3888 l.

324 3915 362 3971 8
403 3910 566 3985 lonyi
590 3909 643 3986 (ὅ
671 3909 729 3965 in
759 3904 902 3982 ras.)
932 3905 1006 3965 D.
1134 3911 1296 3986 Epic.
1317 3908 1390 3965 cf.
1414 3909 1584 3964 Lucr.
1607 3908 1678 3977 V,
1699 3913 1813 3968 803
1829 3928 1957 3986 sqq.
2039 3927 2104 3966 οα
2133 3906 2318 3980 ‘facto
2354 3907 2429 3964 D.

326 3992 363 4046 9
402 3986 528 4045 coh.
567 3987 741 4064 prim.
784 4005 896 4043 om.
937 3984 1061 4062 gla,
1108 3989 1362 4065 primum
1399 3985 1764 4043 adhaerentes
1801 4005 1877 4043 m.
2035 3990 2110 4042 10
2147 3987 2434 4060 ingenium

326 4063 521 4141 DRgl:
561 4082 670 4122 em.
710 4063 929 4120 Manut.
1082 4081 1279 4122 tunore
1295 4062 1432 4131 DR,
1470 4061 1707 4119 humore
1742 4079 1844 4139 ga:
1883 4061 2175 4119 humorem
2213 4061 2430 4120 Manat.

331 4145 405 4198 12
445 4144 640 4198 Zenon
678 4139 954 4206 ῡίοἰᾳοίαε
978 4138 1051 4199 D.
1090 4142 1373 4199 aetenum
1397 4141 1467 4208 R„
1506 4141 1782 4197 finiemus
1801 4157 1864 4216 g,
1903 4140 2184 4197 titreteius
2224 4159 2276 4197 a.

334 4220 405 4273 13
442 4217 680 4276 humani
715 4220 933 4293 generis
970 4218 1010 4275 l.
1124 4235 1352 4277 uonouo
1390 4217 1463 4275 D.
2352 4236 2358 4243 ·
