3025 4925
596 374 670 429 16
1197 370 1303 429 DE
1341 367 1471 429 DIE
1511 370 1804 432 NATALI
1843 371 2089 435 CAR&

594 530 776 600 reddi
829 537 1125 597 naturam
1178 529 1595 601 Democritus
1655 531 1909 601 retulit:
1977 542 2045 599 at
2099 534 2265 600 inter
2319 555 2393 600 se
2455 544 2705 603 eet-tare

596 647 871 716 feminae
914 654 981 713 et
1024 646 1255 729 maris,
1293 656 1359 714 et
1399 669 1601 739 penes
1643 658 1863 718 utrum
1906 649 2172 717 victoria
2213 650 2315 732 sit,
2356 650 2492 716 eius
2523 648 2703 717 habi-

597 772 734 830 tum
779 762 1031 843 referri,
1074 770 1301 829 auctor
1340 772 1440 831 est
1478 762 1915 831 Parmenides.
2005 787 2091 831 ex
2134 763 2376 832 dextris
2417 764 2703 855 partibus
2735 772 2778 825 6

596 879 861 969 profuso
903 878 1150 945 semine
1193 899 1406 946 mares
1450 879 1647 970 gigni,
1689 888 1756 946 at
1798 902 1837 946 e
1878 878 2080 947 laevis
2122 880 2414 962 feminas,
2448 882 2710 947 Anaxa·

548 1019 574 1057 ⁵
601 1016 793 1084 goras
834 991 1395 1084 Empedoclesque
1440 995 1881 1076 consentiunt3
1926 1016 2201 1086 quorum
2244 995 2599 1085 opinioneS,
2637 1004 2713 1062 ut

597 1110 679 1178 de
731 1105 854 1177 hae
908 1108 1127 1199 speeie
1162 1129 1546 1197 congruae,
1612 1111 1705 1176 ita
1762 1109 1844 1176 de
1898 1107 2308 1177 similitudine
2359 1107 2709 1177 liberorum

597 1221 933 1315 dispariles
975 1231 1154 1291 sum.
1242 1223 1458 1313 Super
1499 1246 1627 1314 qua
1669 1246 1740 1290 re
1782 1222 2217 1314 Empedocles
2263 1224 2583 1314 disputata
2602 1246 2706 1292 ra-

596 1340 772 1407 tione
814 1335 971 1406 talia
1009 1337 1319 1430 profatur.
1381 1339 1439 1405 si
1478 1359 1597 1428 par
1639 1335 1818 1406 calor
1856 1339 1922 1405 in
1965 1346 2305 1428 parentum
2358 1338 2708 1407 seminibus
2734 1354 2779 1409 7

599 1456 736 1538 fuit,
779 1454 946 1544 patri
992 1451 1266 1520 similem
1320 1474 1569 1519 marem
1611 1454 1965 1544 procreari3
2007 1455 2065 1520 si
2106 1453 2308 1545 frigus
2324 1499 2354 1536 ,
2407 1454 2713 1521 feminam

527 1589 585 1629 ιο
604 1571 795 1638 matri
833 1567 1121 1636 similem.
1212 1566 1444 1660 quodsi
1472 1568 1671 1658 patris
1706 1567 1976 1637 calidius
2005 1569 2126 1636 erit
2159 1577 2225 1637 et
2260 1569 2547 1658 frigidius
2571 1591 2718 1637 ma·

600 1687 716 1753 tris
727 1735 746 1769 ‚
799 1705 1074 1774 puerum
1126 1683 1267 1751 fore
1322 1684 1430 1773 qui
1479 1683 1713 1750 matris
1742 1682 2014 1752 vultum.
2035 1694 2506 1774 repraesentet:
2547 1693 2617 1752 at
2643 1685 2715 1752 rai

604 1798 873 1868 calidius
914 1799 1155 1881 matris,
1200 1798 1400 1888 patris
1446 1804 1662 1865 autem
1707 1798 1896 1864 fuerit
1938 1798 2248 1888 frigidius,
2289 1797 2572 1889 puellam
2613 1800 2715 1865 fu·

602 1926 815 1983 turam
860 1933 1026 2003 quae
1067 1912 1266 2004 patris
1311 1908 1539 1978 reddat
1581 1910 2077 1980 similitudinem.
2145 1913 2567 2003 Anaxagoras
2597 1936 2711 1981 au·
2738 1927 2780 1983 8

602 2041 739 2099 tem
785 2028 918 2097 eius
962 2028 1244 2118 parentis
1286 2028 1519 2096 faciem
1561 2025 1802 2093 referre
1842 2026 2077 2094 liberos
2110 2026 2432 2111 iudicavit,
2466 2030 2575 2119 qui
2609 2051 2715 2095 se-

527 2167 581 2208 ns
609 2146 797 2213 minis
838 2140 1111 2232 amplius
1154 2140 1549 2208 contulisset.
1637 2150 1925 2208 ceterum
1958 2141 2360 2209 parmenidis
2401 2143 2718 2214 sententia

606 2269 724 2341 est,
762 2279 917 2326 cum
952 2255 1275 2323 dexterae.
1301 2263 1519 2345 partes
1562 2254 1811 2321 semina
1844 2254 2151 2339 dederint,
2183 2259 2338 2325 tunc
2375 2255 2537 2324 filios
2568 2279 2714 2326 esse

603 2374 768 2467 patri
822 2368 1220 2452 consimileS,
1273 2391 1424 2437 cum
1476 2368 1723 2451 laevae,
1772 2379 1927 2438 tunc
1978 2372 2184 2439 matri.

777 2488 1084 2579 Sequitur
1106 2485 1186 2554 de
1213 2485 1504 2575 geminiS,
1546 2485 1654 2575 qui
1677 2494 1750 2552 ut
1782 2485 2124 2577 aliquando
2147 2497 2493 2555 nascantur
2519 2487 2714 2556 modo
2742 2499 2781 2555 9

604 2604 864 2675 seminis
909 2599 1043 2669 fieri
1087 2599 1347 2691 Hippon
1391 2608 1569 2668 ratus
1617 2608 1749 2669 est:
1794 2601 1858 2668 id
1904 2602 2075 2668 enim
2126 2623 2275 2669 cum
2311 2601 2584 2693 amplius
2623 2612 2723 2671 est

608 2878 647 2932 2
664 2873 909 2931 feminas
933 2878 992 2930 et
1012 2887 1200 2929 mares
1280 2873 1316 2927 3
1340 2877 1400 2927 et
1423 2886 1456 2926 e
1483 2867 1638 2927 dext.
1718 2872 1758 2927 7
1781 2877 1913 2927 sunt
1937 2868 2250 2945 dispariles.
2346 2866 2718 2945 Empedoclis

609 2950 755 3008 ratio
795 2948 926 3005 talis
965 2946 1259 3026 profertur
1411 2950 1448 3004 9
1487 2945 1663 3003 fuerit
1817 2951 1894 3004 10
1931 2947 2178 3003 calidum
2330 2942 2603 3021 frigidum

613 3031 687 3085 12
727 3025 978 3083 calidum
1114 3022 1386 3099 frigidum
1545 3026 1619 3082 18
1659 3040 1793 3081 vero
1837 3022 1910 3081 de
1948 3041 2097 3099 gem.

605 3244 633 3298 1
680 3219 902 3296 rettulit
938 3236 1011 3305 D,
1050 3234 1158 3293 det.
1200 3237 1276 3293 la.
1393 3240 1433 3295 2
1469 3235 1715 3308 fminae
1732 3237 1860 3305 DR,
1898 3234 2144 3308 samninus
2164 3236 2243 3312 gl.
2282 3235 2547 3294 Parmen.
2590 3202 2717 3293 rer-

607 3334 707 3373 sus
729 3314 906 3371 latine
930 3331 1233 3370 conversos
1258 3314 1502 3371 servavit
1527 3312 1896 3371 Cael.Aurel.
1919 3312 2041 3371 chr.
2065 3313 2234 3382 IV,9.
2338 3331 2528 3372 mres
2549 3311 2721 3370 codd.

604 3409 814 3469 paenae
844 3389 924 3447 D.
1080 3394 1116 3447 3
1155 3396 1209 3447 et
1247 3389 1428 3448 domu.
1472 3390 1600 3457 DR,
1639 3406 1712 3446 ex
1733 3389 1789 3447 d.
1831 3389 1944 3465 gla.
2112 3391 2149 3449 5
2188 3394 2298 3448 Em
2457 3389 2533 3447 cf.
2563 3390 2719 3447 Kar-

610 3478 739 3526 sten
775 3468 943 3545 Emp.
983 3485 1042 3545 p.
1064 3468 1179 3526 469
1200 3485 1287 3542 sq.
1403 3470 1442 3525 7
1479 3472 1617 3522 sum
1655 3484 1766 3523 om.
1807 3467 1994 3543 DRgl,
2036 3466 2194 3543 quod
2218 3485 2289 3523 vu
2315 3485 2390 3543 go
2413 3466 2720 3543 antediep.

611 3544 861 3603 additur.
905 3543 1000 3601 Cf.
1031 3544 1181 3600 Plut.
1208 3543 1290 3622 pl.
1324 3541 1465 3619 phil.
1504 3542 1578 3610 V,
1601 3546 1694 3600 11.
1732 3543 1938 3601 Galen.
1960 3548 2054 3601 32.
2210 3548 2299 3601 En
2341 3542 2558 3601 edoctos
2587 3543 2718 3600 DR,

615 3621 709 3679 Cf.
750 3622 1002 3679 Karsten
1041 3621 1081 3678 l.
1122 3620 1160 3677 l.
1201 3639 1262 3698 p.
1281 3619 1387 3677 471
1415 3636 1544 3694 sqq.
1725 3622 1951 3678 ratione
1987 3620 2130 3678 talis
2162 3562 2462 3696 proter-tm·
2495 3619 2719 3697 Dngla.

608 3697 852 3756 Emend.
893 3697 1242 3755 Lachmann.
1295 3694 1658 3771 Empedoclis
1706 3695 1799 3754 dis
1878 3700 2022 3755 tatio
2072 3697 2215 3755 tabis
2263 3695 2561 3773 profertur
2610 3715 2720 3755 em.

609 3776 893 3834 Meursius
934 3792 1024 3833 ex.
1067 3793 1146 3829 cr.
1187 3772 1257 3841 ΙΙ,
1282 3774 1378 3829 23.
1561 3778 1601 3833 9
1634 3771 1719 3845 fri
1762 3775 1774 3788 ‘
1819 3791 1888 3830 uo
1923 3772 2149 3849 DRgla.
2187 3771 2380 3848 frigus
2419 3773 2643 3831 Carrio.

613 3859 689 3912 10
711 3860 769 3909 et
789 3855 863 3911 12
904 3846 2143 3926 calidus—friyiduc—-calfidus-friyiduo
2180 3850 2403 3926 DRgla.
2470 3849 2721 3908 calidam

611 3927 977 4002 —frtyidum
1017 3926 1238 3984 Carrio.
1359 3929 1433 3983 12
1471 3928 1527 3984 εἰ
1561 3929 1670 3984 erit
1705 3925 1785 3998 fr.
1827 3927 1941 4003 gla.
2060 3930 2135 3986 15
2175 3927 2438 3986 semmua
2474 3927 2550 3984 D.
2594 3928 2717 3983 Ga-

613 4008 727 4063 len.
770 4005 848 4061 ad
887 4004 1065 4083 Hipp.
1107 4022 1140 4060 e
1185 4002 1263 4060 id.
1304 4008 1346 4058 t.
1389 4003 1553 4059 XVII
1590 4003 1639 4058 A
1678 4023 1738 4080 p.
1782 4008 1951 4062 1002.
2081 4007 2155 4061 16
2194 4003 2411 4060 semina
2450 4022 2563 4061 om.
2643 4004 2718 4060 la.

614 4086 691 4140 18
731 4084 858 4156 Seq.
884 4099 1018 4139 voro
1042 4080 1119 4155 gl.
1192 4080 1292 4137 lut.
1316 4079 1398 4155 pl.
1423 4078 1523 4157 ph.
1549 4079 1727 4147 V,1o.
1767 4081 1973 4140 Galen.
1990 4085 2083 4140 32.
2110 4081 2249 4140 Seu.
2278 4079 2474 4138 benef.
2500 4080 2605 4139 Vll
2633 4084 2718 4149 ,1.

615 4163 688 4218 19
728 4163 892 4215 raim
928 4156 990 4213 td
1030 4175 1140 4214 om.
1182 4163 1265 4214 eet
1302 4155 1466 4230 DRg.
1511 4156 1647 4213 add.
1677 4157 1899 4215 Carrio.
