3025 4925
635 424 713 479 20
1246 411 1353 473 DE
1391 414 1521 474 Dm
1562 395 1854 475 NATAm
1895 414 2062 473 CAP.
2085 381 2143 490 e.

635 587 1039 670 conspectus.
1128 575 1303 662 Quid
1343 586 1561 644 autem
1603 576 1686 643 sit
1729 585 2113 666 conspectus
2154 585 2219 642 et
2263 585 2419 668 quot
2461 577 2597 643 eius
2631 600 2748 668 ge-

631 716 808 775 nera,
852 701 923 759 ut
959 690 1197 783 liquido
1242 692 1521 783 perspici
1564 693 1798 782 possit,
1859 712 2066 781 pauca
2120 691 2504 781 praedicam.
2603 690 2750 758 Cir·-
2777 701 2822 759 4

632 806 818 876 culus
869 816 986 888 est,
1031 815 1101 872 ut
1144 807 1374 889 ferunt,
1415 808 1693 897 signifer,
1742 828 1934 897 quem
1980 804 2214 873 Graeci
2254 815 2492 872 vocant
2531 805 2750 872 zodia-

629 944 774 1005 con,
815 922 882 987 in
928 942 1055 1012 quo
1101 920 1203 986 sol
1245 930 1310 987 et
1352 920 1504 987 luna
1547 930 1932 1011 ceteraeque
1989 919 2216 987 stellae
2267 942 2476 1010 vagae
2527 921 2748 988 ferun-

577 1061 602 1100 ε»
630 1045 749 1103 tur.
834 1032 938 1100 hic
973 1032 1040 1098 in
1069 1033 1409 1101 duodecim
1438 1046 1654 1125 partes
1681 1035 1947 1102 totidem
1971 1036 2169 1126 signis
2193 1034 2473 1102 redditas
2504 1057 2747 1125 aequa-

624 1150 834 1218 biliter
877 1148 1117 1215 divisus
1165 1155 1280 1213 est.
1371 1171 1522 1216 eum
1566 1149 1665 1216 sol
1709 1172 1923 1216 annuo
1969 1150 2175 1240 spatio
2218 1150 2504 1216 metitur:
2546 1151 2636 1215 ita
2676 1151 2747 1216 in

623 1259 1017 1355 unoquoque
1061 1263 1245 1352 signo
1284 1263 1490 1330 ferme
1524 1286 1727 1331 unum
1767 1286 2061 1332 mensem
2093 1273 2398 1330 moratur.
2464 1263 2582 1331 sed
2611 1264 2747 1355 sig-

556 1367 561 1380 *
622 1403 780 1446 num
825 1377 1152 1469 quodlibet
1196 1398 1346 1443 cum
1390 1379 1618 1444 ceteris
1660 1376 1926 1468 singulis
1977 1376 2171 1445 habet
2210 1386 2507 1446 mutuum
2550 1401 2745 1447 cons-

620 1502 904 1584 pectum,
947 1514 1080 1560 non
1123 1501 1340 1559 tamen
1383 1493 1770 1560 uniformem
1815 1515 1964 1560 cum
2009 1492 2338 1559 omnibus:
2384 1515 2537 1559 nam
2578 1492 2744 1562 vali-

549 1633 601 1672 10
627 1607 837 1674 diores
886 1606 1010 1688 alii,
1051 1604 1429 1673 infirmiores
1476 1606 1581 1701 alii¹
1622 1606 1953 1673 habentur.
2038 1605 2236 1697 Igitur
2275 1630 2404 1698 quo
2451 1617 2745 1699 tempore

620 1731 845 1814 partus
892 1721 1264 1811 concipitur,
1309 1717 1408 1785 sol
1451 1721 1518 1785 in
1563 1717 1773 1811 aliquo
1820 1722 2005 1811 signo
2050 1722 2132 1787 sit
2172 1744 2443 1789 necesse
2487 1733 2613 1804 est,
2671 1733 2744 1791 et

620 1839 687 1903 in
743 1836 957 1926 aliqua
1012 1836 1148 1902 eius
1205 1831 1550 1924 particula,
1608 1856 1800 1923 quem
1841 1833 2061 1904 locum
2105 1838 2544 1927 conceptionis
2587 1860 2742 1928 pro-

494 2019 509 2025 ,
619 1952 758 2043 prie
802 1948 1144 2041 appellant.
1230 1948 1401 2015 Sunt
1442 1956 1659 2014 autem
1701 1946 1825 2016 hae
1879 1950 2230 2040 particulae
2280 1952 2347 2017 in
2389 1974 2520 2019 uno
2576 1976 2740 2044 quo-
2766 1965 2806 2021 5

620 2089 749 2158 que
791 2066 976 2155 signo
1022 2065 1325 2144 tricenae,
1371 2063 1563 2129 totius
1607 2084 1765 2130 vero
1811 2063 2058 2132 zodiaci
2099 2087 2368 2132 numero
2416 2065 2736 2135 CCCLX.

543 2198 597 2241 ιε
622 2178 740 2247 has
786 2179 1021 2246 Graeci
1056 2173 1300 2267 μοίρας
1343 2178 1895 2266 cognominarunt,
1941 2180 2019 2246 eo
2049 2178 2349 2247 videlicet
2380 2182 2552 2271 quod
2581 2182 2737 2250 deas

615 2292 843 2362 fatales
885 2300 1261 2381 nuncupant
1309 2286 1554 2381 μοίρας
1608 2300 1673 2357 et
1715 2289 1840 2358 hae
1893 2291 2245 2383 particulae
2297 2294 2480 2362 nobis
2537 2296 2739 2364 veluti

616 2409 750 2477 fata
807 2416 984 2476 sunt:
1026 2428 1180 2505 nam
1224 2428 1352 2498 qua
1403 2406 1808 2496 potissimum
1864 2409 2107 2476 oriente
2152 2431 2498 2478 nascamur
2533 2409 2735 2504 pluri-

616 2547 797 2592 mum
836 2523 1048 2590 refert.
1146 2520 1265 2589 Sol
1309 2542 1464 2611 ergo
1510 2544 1662 2588 cum
1703 2523 1770 2589 in
1813 2523 2181 2612 proximum
2224 2527 2481 2616 signum
2523 2534 2733 2594 trans-
2759 2549 2798 2602 6

617 2637 852 2719 cendit,
891 2637 1110 2704 locum
1149 2636 1331 2703 illum
1374 2638 1813 2727 conceptionis
1850 2647 1963 2703 aut
1990 2637 2312 2705 imbecillo
2336 2639 2513 2707 videt
2535 2663 2730 2709 cons-

541 2772 597 2814 πο
620 2761 816 2844 pectu
866 2760 980 2818 aut
1036 2752 1228 2818 etiam
1278 2773 1400 2818 nec
1457 2751 1799 2839 conspicite
1852 2773 2004 2817 nam
2044 2751 2263 2842 plures
2302 2746 2733 2844 proximantia

610 2866 867 2934 sibimet
904 2864 1093 2932 zodia
1134 2865 1412 2933 invicem
1453 2887 1527 2932 se
1570 2864 1789 2931 videre
1847 2866 2106 2934 omnino
2160 2878 2577 2958 negaverunt.
2661 2879 2730 2938 at

613 3004 764 3051 cum
806 2981 872 3047 in
915 2980 1100 3047 tertio
1150 2988 1248 3046 est
1292 2980 1509 3070 signo,
1564 2977 1690 3045 hoc
1749 2988 1849 3046 est
1891 3002 2021 3048 uno
2076 2980 2289 3063 medio
2330 2982 2730 3074 interposito,

611 3106 766 3164 tunc
807 3095 1085 3185 primum
1126 3091 1307 3160 illum
1349 3092 1568 3161 locum
1621 3092 1795 3160 unde
1847 3094 2172 3184 profectus
2227 3105 2327 3162 est
2365 3098 2585 3165 videre
2631 3098 2728 3166 di-

610 3213 803 3291 citur,
857 3208 973 3275 sed
1015 3207 1204 3275 valde
1259 3207 1516 3299 obliquo
1577 3217 1642 3275 et
1692 3207 1971 3276 invalido
2039 3207 2309 3293 lumine3
2369 3213 2477 3302 qui
2531 3235 2724 3280 cons-

601 3490 641 3544 3
683 3476 983 3556 ζωδιακὸν
1137 3487 1207 3541 11
1251 3492 1341 3541 est
1377 3501 1486 3541 om.
1628 3486 1701 3541 16
1737 3483 1815 3540 Et
1851 3503 1959 3543 eae
1997 3495 2149 3564 part.
2296 3492 2371 3547 17
2409 3499 2719 3548 nascantur

553 3740 563 3746 ”
599 3738 632 3791 1
675 3729 828 3808 quod
863 3731 985 3788 eius
1020 3728 1095 3787 D.
1212 3733 1251 3787 2
1288 3732 1490 3805 paucis
1529 3731 1638 3807 Rg.
1773 3735 1809 3789 3
1848 3731 2114 3809 signiferi
2151 3752 2246 3811 ga.
2378 3738 2415 3795 5
2457 3736 2715 3796 totidem-

597 3826 702 3885 que
735 3808 850 3884 gla.
993 3811 1061 3864 11
1108 3809 1450 3882 conspicitur
1487 3808 1601 3883 gla.
1740 3814 1794 3865 et
1832 3828 1943 3867 om.
1984 3809 2172 3887 DRgl.
2214 3811 2350 3869 add.
2394 3812 2705 3873 Cauchius.

599 3889 674 3944 12
711 3885 977 3961 propriae
1011 3882 1086 3939 D.
1223 3884 1298 3941 14
1337 3887 1554 3942 numeri
1590 3884 1664 3944 D.
1784 3888 1857 3944 15
1897 3886 2004 3944 has
2040 3904 2228 3945 meras
2270 3891 2474 3947 Graeci
2509 3898 2714 3949 uocant

594 3961 709 4037 gla.
845 3976 1070 4017 moerus
1105 3958 1179 4016 D.
1326 3977 1508 4035 ,noym
1548 3980 1611 4020 oo
1636 3993 1712 4003 —
1735 3958 1964 4037 μοίρας
2011 3982 2123 4020 om.
2256 3964 2340 4023 la:
2393 3964 2528 4024 add.
2571 3966 2610 4024 d
2649 3976 2710 4026 et

590 4038 765 4095 habet
801 4036 875 4093 D.
1032 4039 1106 4093 16
1145 4034 1296 4093 uelut
1332 4036 1440 4113 Rg.
1600 4043 1675 4098 17
1716 4035 1981 4110 ..sumta
2017 4038 2226 4116 D(ras.
2399 4051 2709 4102 nascantur

587 4113 773 4189 DRgl.
815 4112 1293 4247 conssucfltnius.
1411 4118 1506 4172 20.
1530 4118 1599 4171 21
1645 4131 1776 4173 nam
1797 4124 2224 4191 -uoyaveremt
2252 4117 2363 4177 del.
2391 4119 2704 4179 Cauchius.

586 4194 663 4248 22
700 4194 757 4246 in
800 4207 908 4246 nmo
1070 4229 1083 4246 .
1184 4230 1197 4245 .
