3025 4925
819 410 928 471 DE
963 406 1093 467 1>OE
1133 408 1426 475 NATALI
1467 410 1634 469 CAP.
1661 414 1757 471 22.
2285 417 2362 474 67

254 570 485 659 rigere,
528 577 602 637 ut
642 572 735 639 sic
779 570 974 639 etiam
1014 590 1271 643 menses
1315 570 1557 641 civiles·
1582 594 1734 643 cum
1776 571 1945 639 veris
1988 571 2110 643 iuis
2138 570 2362 641 soiari·

255 686 408 769 hus,
465 688 585 755 etsi
625 707 757 755 non
798 685 1065 775 singuli,
1112 695 1325 753 tamen
1370 687 1653 755 universi
1695 686 1785 755 ad
1821 687 1972 757 anni
2010 685 2204 757 finem
2240 710 2362 761 ne-

253 800 536 871 cessario
578 810 1051 873 concurrerent.
1774 822 1779 827 ·

425 915 705 987 Nomina
762 917 987 987 decem
1039 916 1366 987 mensibus
1423 918 1697 1009 antiquis
1739 916 2091 993 Romulum
2132 918 2362 991 fecisse
2388 926 2425 979 9

202 1052 228 1092 ⁵
252 1030 519 1103 Fulvius
561 1042 630 1100 et
669 1030 885 1103 Iunius
928 1041 1223 1101 auctores
1267 1041 1433 1100 sunt.
1525 1043 1591 1101 et
1626 1033 1887 1124 quidem
1928 1032 2091 1101 duos
2122 1033 2364 1122 primos

252 1170 294 1219 a
347 1146 715 1236 parentibus
785 1147 916 1213 suis
981 1147 1383 1231 nominasse,
1446 1146 1751 1219 Martium
1804 1171 1842 1214 a
1895 1146 2101 1217 Marte
2162 1157 2367 1237 patre,

248 1260 542 1352 Aprilem
585 1261 665 1329 ab
708 1261 1080 1352 Aphrodite,
1120 1261 1187 1333 id
1232 1272 1336 1333 est
1372 1264 1655 1345 Venere,
1693 1263 1867 1331 unde
1908 1263 2187 1333 maiores
2230 1263 2365 1333 eius

249 1376 505 1449 oriundi
548 1376 936 1449 dicebantur.
1023 1378 1356 1468 proximos
1414 1378 1576 1447 duos
1634 1401 1671 1445 a
1715 1377 1988 1470 populo,
2041 1376 2285 1449 Maium
2328 1398 2368 1449 a

250 1491 600 1567 maioribus
643 1502 830 1576 natu,
889 1491 1141 1563 lunium
1186 1515 1225 1559 a
1266 1493 1638 1563 iunioribus.
1722 1503 1973 1565 ceteros
2018 1493 2100 1563 ab
2145 1494 2368 1565 ordine

173 1652 230 1692 Β,
253 1624 388 1698 quo
432 1605 669 1697 singuli
702 1615 912 1690 erant,
956 1606 1307 1693 Quintilem
1363 1629 1573 1699 usque
1615 1607 2048 1677 Decembrem
2101 1607 2369 1697 perinde

249 1744 296 1795 az
334 1738 625 1793 numero.
712 1723 922 1792 Varro
968 1731 1185 1791 autem
1206 1721 1538 1791 Romanos
1567 1743 1605 1787 a
1630 1718 1873 1791 Latinis
1901 1722 2163 1793 nomina
2185 1742 2366 1791 men·
2394 1736 2468 1789 1ο

248 1852 398 1909 sum
442 1839 767 1921 accepisse
812 1836 1153 1907 arbitratus
1177 1845 1477 1905 auctores
1502 1857 1728 1902 eorum
1750 1836 2141 1927 antiquiores
2174 1856 2367 1928 quam

246 1950 480 2021 urbem
531 1952 729 2021 fuisse
785 1952 938 2021 satis
995 1960 1224 2039 argute
1277 1950 1483 2019 docet.
1577 1948 1800 2040 Itaque
1843 1950 2143 2023 Martium
2186 1974 2368 2019 men-
2396 1966 2464 2019 11

249 2088 393 2135 sem
438 2089 475 2132 a
516 2065 722 2133 Marte
778 2065 1036 2156 quidem
1089 2066 1489 2135 nominatum
1546 2064 1777 2147 credit,
1841 2087 1972 2137 non
2034 2066 2181 2155 quia
2233 2064 2370 2135 Ro·-

171 2209 224 2249 ιε
250 2179 412 2253 mufi
445 2181 647 2251 ,fuerit
684 2189 887 2271 pater,
929 2179 1046 2249 sed
1093 2179 1266 2270 quod
1308 2200 1468 2268 gens
1512 2176 1744 2247 Latina
1783 2178 2107 2253 bellicosa.
2182 2181 2371 2270 Apri-

246 2295 382 2367 lem
443 2305 659 2367 autem
711 2318 844 2363 non
902 2294 981 2363 ab
1024 2293 1409 2385 Aphrodite,
1463 2294 1583 2365 sed
1629 2294 1709 2365 ab
1755 2294 2135 2384 aperiendo,
2197 2297 2371 2386 quod

246 2420 406 2482 tunc
459 2412 594 2482 fere
640 2419 874 2480 cuncta
927 2411 1272 2500 gignantur
1325 2419 1394 2477 et
1445 2408 1758 2480 nascendi
1794 2407 2104 2483 claustra.
2124 2412 2369 2501 aperiat

201 2561 208 2572 ·
245 2536 498 2598 natura.
582 2526 825 2596 Mamm
866 2548 1023 2593 vero
1070 2548 1200 2594 non
1244 2548 1283 2594 a
1326 2526 1693 2607 maioribus,
1723 2524 1840 2594 sed
1866 2547 1905 2602 a
1930 2525 2102 2598 Maia
2130 2543 2470 2596 nomen12

250 2641 616 2728 accepisse,
672 2639 847 2730 quod
901 2663 980 2710 eo
1034 2662 1261 2710 mense
1320 2648 1456 2710 tam
1498 2638 1765 2710 Romae,
1806 2662 2003 2731 quam
2060 2650 2251 2712 antea
2301 2643 2370 2710 in

164 2792 226 2832 20
251 2753 448 2824 Latio,
497 2774 604 2826 res
656 2753 872 2822 divina
912 2754 1122 2824 Maiae
1177 2753 1247 2822 fit
1288 2763 1355 2822 et
1395 2754 1733 2824 Mercurio.
1815 2754 2069 2852 Iunium
2111 2771 2369 2846 quoque

250 2892 293 2936 a
334 2865 577 2940 Iunone
618 2867 832 2957 potius
878 2883 1071 2957 quam
1124 2869 1502 2950 inmunibus,
1559 2870 1734 2958 quod
1786 2867 1896 2938 ille
1950 2889 2181 2940 mense
2229 2893 2369 2936 ma-

246 2984 426 3051 xime
468 2981 695 3049 Iunoni
735 2979 1013 3048 honores
1045 2981 1377 3048 habentur.
1467 2982 1840 3067 Quintilem,
1874 2983 2048 3073 quod
2067 2982 2214 3054 loco
2239 2985 2369 3052 iam
2399 3000 2471 3053 13

250 3096 427 3188 apud
469 3093 733 3166 Latinos
777 3097 967 3164 fuerit
1002 3098 1442 3189 quinto‚‘item
1486 3094 1806 3166 Sextilem
1844 3118 1926 3164 ac
1960 3097 2264 3189 deinceps
2288 3100 2371 3165 ad
2435 3091 2441 3096 ’

251 3316 286 3371 1
328 3331 553 3371 menses
594 3314 686 3371 vel
726 3334 854 3371 cum
1004 3318 1043 3373 2
1083 3315 1232 3371 univ.
1275 3323 1466 3371 tamen
1614 3320 1691 3372 10
1731 3331 1914 3388 usque
1955 3310 2034 3370 ad
2071 3312 2214 3370 Dec.

251 3392 331 3447 12
368 3391 672 3447 arbitratur
785 3394 864 3449 20
900 3389 1002 3447 fiat
1113 3395 1191 3448 22
1222 3390 1550 3451 habeantur
1660 3391 1774 3448 iam
1811 3408 1927 3448 ont.

252 3585 286 3639 1
330 3598 546 3638 menses
584 3580 673 3639 vel
709 3599 836 3638 mam
872 3579 1036 3657 DRg.
1079 3600 1224 3638 corr.
1265 3581 1619 3640 Lachmann.
1773 3585 1812 3639 3
1851 3588 2178 3640 concurrent
2214 3582 2288 3640 D.

245 3657 293 3715 4
331 3660 590 3715 Nomina
628 3658 702 3714 cf.
725 3658 893 3715 Varr.
921 3658 990 3715 L.
1019 3658 1088 3715 L.
1116 3658 1215 3726 vl,
1279 3663 1427 3716 ,213
1447 3677 1536 3735 sq.
1575 3660 1833 3717 Macrob.
1852 3658 1978 3716 Sat.
2001 3658 2043 3726 1,
2065 3662 2159 3717 12.
2201 3660 2365 3718 Serv.

250 3734 333 3792 ad
369 3734 531 3810 Virg.
575 3735 790 3810 Georg.
829 3734 988 3802 1‚43.
1028 3734 1229 3793 Merke
1254 3777 1269 3792 .
1312 3735 1389 3792 ad
1427 3735 1601 3794 ovid.
1641 3736 1776 3793 fast.
1814 3755 1879 3815 p.
1898 3735 2159 3793 LXXIX.

250 3815 294 3872 8
330 3813 485 3868 Mai.
524 3814 664 3868 mai.
702 3811 758 3870 R
797 3852 812 3868 .
930 3816 966 3870 9
1006 3815 1197 3870 ceterae
1232 3811 1344 3887 Dg.
1463 3817 1539 3869 10
1577 3830 1759 3889 usque
1795 3811 1872 3870 ad
1908 3811 2020 3886 Dg.
2151 3816 2227 3870 12
2264 3832 2368 3871 ar-

246 3885 501 3946 bitratur
535 3887 666 3963 RgL
705 3906 775 3946 ar
813 3890 834 3944 ⁰.
889 3894 1062 3946 antur
1098 3888 1174 3946 D.
1309 3892 1384 3946 13
1421 3891 1575 3946 satie
1615 3889 1792 3946 arkiti
1828 3889 1902 3945 D.
1944 3888 2111 3960 arkyt
2147 3890 2221 3956 R,
2261 3909 2364 3947 αν-

248 3964 389 4026 mnu
412 3981 468 4039 g,
507 3958 712 4037 ἀρχαι
738 3984 845 4021 ms.
867 3964 1172 4033 Ahnelov„
1211 3967 1400 4041 ampli
1422 3984 1498 4023 m.
1536 3972 1670 4042 apto
1706 3965 1801 4022 vel
1836 3971 2027 4041 aperto
2064 3966 2212 4022 coni.
2234 3966 2366 4022 Ma-

250 4048 372 4102 nut.
412 4048 615 4115 argute
654 4042 877 4099 Carrio.
997 4045 1071 4099 16
1111 4042 1373 4119 apr-odite
1408 4042 1482 4099 D.
1599 4045 1675 4100 17
1713 4039 1865 4115 forre
1882 4042 1956 4098 D.
2076 4046 2151 4100 18
2190 4046 2368 4101 Maia

249 4117 330 4174 cf.
371 4118 453 4174 Io.
495 4118 642 4193 Lyd.
684 4118 759 4176 de
797 4133 978 4177 mens.
1017 4118 1120 4186 IV,
1144 4123 1219 4179 52
1257 4135 1317 4197 p.
1344 4124 1477 4177 101.
1595 4122 1668 4176 21
1710 4119 2000 4175 maximae
2035 4117 2110 4176 D.

249 4196 329 4251 22
372 4194 551 4251 lotam
591 4196 661 4266 R,
703 4195 828 4254 loco
867 4197 987 4254 iam
1022 4195 1136 4253 Dd.
1272 4200 1348 4253 23
1385 4195 1593 4253 textile
1628 4195 1702 4252 D.

1771 4272 1810 4332 5
1835 4273 1878 4312 «η’
