3025 4925
606 439 770 477 xxlv
1394 417 2022 490 PROLEGOMENAX

604 583 982 680 pleniorem
1043 608 1412 660 recensum
1466 585 1666 675 dedi,
1739 595 1811 656 ut
1865 584 1951 656 de
2006 605 2242 656 eorum
2305 581 2536 654 indole
2598 581 2719 653 fa-

604 709 736 783 cile
786 711 1103 784 iudicium
1155 711 1326 787 ferri
1377 724 1658 810 posset,
1724 721 1969 807 postea
2033 712 2397 805 pauciores
2463 720 2716 781 tantum

601 843 1155 913 commemoravi.
1235 841 1471 936 Itaque
1524 841 1611 912 de
1663 839 1853 913 hisce
1905 862 1947 911 e
2000 838 2267 911 silentio
2319 835 2484 907 nihil
2535 859 2718 908 con-

602 963 782 1036 cludi
830 976 1078 1061 potest.
1188 966 1458 1040 Deinde
1512 965 2059 1040 emendationum
2110 974 2429 1037 auctores
2482 964 2718 1036 nomi-

602 1093 805 1182 navi,
871 1101 939 1165 et
992 1093 1158 1166 alias
1212 1116 1478 1190 quoque
1531 1116 1571 1164 a
1622 1095 1792 1167 viris
1849 1090 2065 1164 doctis
2115 1091 2414 1186 prolatas
2468 1093 2717 1163 conie-

608 1228 834 1290 cturas
889 1242 981 1291 ex
1031 1241 1226 1292 more
1277 1219 1499 1310 attuli,
1567 1241 1792 1314 neque
1861 1228 2085 1290 tamen
2151 1220 2221 1289 in
2289 1216 2718 1291 confutandis

603 1343 948 1416 inutilibus
1000 1344 1117 1417 vel
1167 1348 1238 1418 in
1279 1347 1836 1420 commendandis
1872 1348 1980 1436 iis,
2029 1366 2196 1439 quas
2236 1367 2446 1418 veras
2489 1343 2719 1434 habui,

604 1474 758 1546 sive
810 1495 850 1543 a
902 1494 1012 1544 me
1065 1475 1219 1546 sive
1271 1472 1355 1545 ab
1408 1471 1542 1545 alio
1594 1471 1952 1569 profectae
2004 1481 2184 1562 sunt,
2237 1474 2378 1544 otio
2420 1469 2719 1544 abuten-

607 1598 764 1671 dum
813 1601 1070 1692 putavi,
1124 1622 1275 1671 cum
1326 1601 1725 1696 plerumque
1770 1622 1888 1673 res
1937 1608 2172 1695 aperta
2215 1600 2301 1671 sit
2341 1620 2568 1693 neque
2598 1600 2717 1669 in-

602 1733 908 1819 terprete
970 1736 1190 1819 egeat.
1296 1727 1540 1822 Neque
1603 1749 1778 1800 vero
1842 1748 2068 1798 meum
2135 1747 2293 1798 esse
2358 1723 2718 1798 arbitratus

605 1873 778 1941 sum,
820 1872 966 1940 reS‚
1005 1851 1092 1923 de
1129 1851 1370 1946 quibus
1411 1855 1551 1947 agit
1595 1852 2050 1943 Censorinus,
2100 1852 2476 1948 explicare,
2515 1874 2717 1925 com-

603 1978 809 2051 modo
860 1980 1085 2074 potius
1137 1978 1413 2053 lectoris
1469 1977 1885 2053 satisfactum
1941 2001 2105 2053 esse
2159 1980 2357 2070 duxi,
2433 1982 2491 2053 si
2541 1978 2718 2052 bre-

602 2108 783 2178 viter
835 2104 1300 2196 adnotassem‚
1352 2106 1536 2178 unde
1578 2109 1959 2179 accuratior
1996 2108 2232 2178 notitia
2275 2109 2414 2202 peti
2462 2114 2719 2201 posset.

602 2233 919 2327 Denique
970 2231 1263 2303 indicem
1312 2232 1540 2305 addidi
1590 2256 1730 2306 non
1780 2235 2079 2306 omnium
2129 2233 2399 2328 quidem
2450 2229 2722 2305 verbo-

606 2381 796 2450 rum,
848 2381 979 2452 quo
1030 2360 1102 2429 in
1152 2358 1265 2429 tali
1319 2363 1656 2457 scriptore
1707 2362 1833 2433 vix
1885 2381 2056 2455 opus
2106 2382 2263 2433 esse
2330 2358 2717 2477 videbatur,

608 2487 735 2560 sed
787 2488 901 2582 qui
951 2488 1248 2559 maxime
1297 2490 1694 2563 necessaria
1747 2487 2338 2583 complecteretur.
