3025 4925
576 425 723 464 xxn
1325 407 1946 470 PROLEGOMENA.

534 613 544 622 ·
575 572 657 645 In
709 571 1097 666 fragmento
1149 573 1580 647 emendando
1601 580 1612 586 ‘
1634 598 1916 672 operam
1959 577 2187 671 posuit
2226 579 2428 649 etiam
2460 576 2524 648 N
2538 598 2692 650 un-

574 699 898 790 nesius,
939 699 1130 775 cuius
1174 710 1384 774 notae
1421 699 1647 774 editae
1687 709 1846 776 sunt
1881 723 1922 772 a
1951 699 2314 776 Schotto
2353 713 2510 798 post
2550 702 2689 777 ob-

577 825 1008 901 servationes
1036 826 1385 901 humanas.
1439 828 1551 900 De
1580 830 1862 901 metrica
1895 830 2114 924 capita
2139 828 2457 923 leguntur
2486 831 2690 901 etiam

577 952 754 1046 apud
805 953 1297 1027 Putschium
1352 953 1681 1049 (gramm.
1742 963 1942 1027 auctt.
1990 965 2126 1028 ant.
2176 978 2240 1050 p.
2270 954 2472 1029 2723
2501 954 2689 1051 sqq.)

579 1085 648 1149 et
674 1077 734 1150 G
749 1079 922 1153 aisf
927 1080 1076 1154 ord
1092 1083 1246 1152 ium
1276 1081 1694 1176 (scriptores
1711 1080 1855 1152 Lat.
1882 1082 1986 1154 rei
2016 1092 2292 1177 metnlp.
2308 1071 2688 1176 404sqq2).

731 1206 880 1293 Qua
915 1208 1029 1282 via
1066 1207 1227 1280 mihi
1265 1207 1719 1280 incedendum
1759 1216 1947 1281 esset
1990 1229 2128 1280 non
2165 1210 2380 1304 potuit
2418 1208 2691 1284 dubium

579 1353 758 1405 esse.
883 1330 1178 1408 Codices
1230 1336 1293 1406 D
1349 1344 1419 1407 et
1469 1335 1533 1407 R
1587 1335 1769 1406 enim
1841 1332 1970 1408 soli
2035 1336 2505 1408 auctoritatem
2554 1334 2691 1406 ha·-

575 1457 776 1549 bent3
829 1482 986 1532 nam
1039 1463 1351 1556 quamvis
1400 1461 1628 1536 multis
1680 1471 1748 1535 et
1799 1460 2024 1535 foedis
2064 1462 2329 1535 mendis
2366 1463 2692 1558 inquinati
2793 1515 2798 1520 .

570 1587 746 1677 sint,
813 1596 1041 1659 tamen
1104 1590 1162 1662 si
1223 1608 1481 1683 paucos
1550 1586 1745 1662 locos
1817 1589 2121 1682 excipias
2185 1590 2348 1662 satis
2398 1586 2692 1661 fideliter

573 1712 1088 1810 descripserunt
1130 1714 1388 1786 librarii
1429 1712 1606 1809 quod
1650 1717 1721 1787 in
1765 1714 2008 1788 codice
2042 1714 2419 1811 archetypo
2445 1715 2692 1809 legere

570 1839 702 1914 sibi
751 1840 1200 1931 videbantur3
1253 1864 1385 1938 quo
1439 1841 1693 1913 factum
1745 1852 1875 1932 est,
1926 1851 1999 1914 ut
2049 1841 2447 1938 plerumque
2486 1845 2689 1916 etiam

568 1970 639 2040 in
689 1968 873 2042 vitiis
923 1967 1042 2041 vel
1090 1991 1374 2064 prorsus
1427 1969 1894 2060 consentiant,
1956 1966 2075 2042 vel
2124 1971 2216 2040 ita
2271 1968 2688 2065 discrepent,

567 2103 641 2164 ut
700 2097 1078 2168 communis
1145 2098 1403 2170 erroris
1481 2095 1644 2168 fons
1710 2097 2053 2167 neminem
2132 2093 2379 2190 fugere
2450 2098 2685 2191 possit.
2771 2073 2788 2093 ³

556 2221 810 2325 ‘Neque
875 2230 1104 2294 tamen
1155 2224 1221 2296 R
1270 2246 1366 2295 ex
1398 2223 1578 2318 ¹ipso
1632 2223 1695 2293 D
1763 2221 2142 2318 descriptus
2211 2244 2374 2297 esse
2435 2231 2688 2318 potest,

569 2349 661 2418 ita
712 2356 786 2419 ut
836 2357 1125 2444 uterque
1160 2352 1359 2423 unius
1406 2349 1670 2422 codicis
1698 2347 1854 2424 loco
1890 2348 2130 2422 haberi
2175 2348 2442 2423 debeat.
2513 2348 2684 2421 Nam

569 2451 650 2548 D'
687 2498 1081 2571 quamquam
1134 2478 1343 2572 longe
1395 2480 1732 2572 antiquior
1780 2487 1850 2550 et
1900 2480 2299 2575 ceteroquin
2363 2479 2688 2572 egregius

572 2613 699 2693 est,
754 2612 978 2676 tamen
1032 2627 1072 2675 a
1120 2603 1402 2677 librario
1447 2604 1628 2677 haud
1675 2606 1769 2677 ita
1813 2604 2178 2700 diligenter
2222 2607 2512 2702 scriptus
2553 2613 2685 2695 est,

570 2731 729 2825 quin
779 2728 985 2802 multa
1035 2753 1253 2827 prave
1305 2732 1557 2827 scripta
1614 2731 1901 2822 habeat,
1971 2751 2144 2826 quae
2196 2732 2266 2803 in
2314 2733 2380 2805 R
2432 2753 2687 2805 emen-

571 2856 727 2929 date
799 2855 1161 2951 leguntur3
1239 2868 1478 2932 contra
1546 2857 1804 2933 codicis
1873 2860 1939 2932 R
2012 2856 2329 2933 librarius
2405 2857 2553 2932 aliis
2612 2859 2688 2929 in

567 2984 738 3083 locis
805 2994 1084 3079 peccat,
1147 2988 1445 3059 maxime
1514 2984 1901 3059 omittendis
1967 2984 2323 3058 vocabulis
2376 2983 2504 3078 ὓ),
2555 3008 2684 3058 ra—

568 3115 709 3184 rius
778 3110 1411 3209 interpolationibus
1480 3110 1810 3185 addendis
1843 3109 2004 3206 st).
2110 3111 2343 3185 Ceteri
2403 3112 2683 3186 codices

568 3240 768 3335 parvi
820 3248 977 3311 sunt
1026 3241 1390 3329 momenti;
1443 3261 1602 3312 nam
1637 3247 1925 3347 ⁸praeter
1961 3260 2157 3333 quam
2192 3238 2685 3334 quodem-ori-

568 3367 696 3440 bus
758 3375 1063 3458 scatent,
1132 3366 1365 3462 quales
1432 3368 1503 3439 in
1564 3364 2060 3440 recentioribus
2130 3364 2320 3440 libris
2385 3367 2683 3440 inveniri

570 3494 819 3586 solent,
870 3494 1048 3567 haud
1100 3516 1259 3570 raro
1309 3492 1569 3567 librarii
1621 3493 1775 3566 dum
1830 3516 1939 3584 ea,
1992 3516 2167 3590 quae
2208 3515 2349 3566 non
2398 3488 2681 3566 intelle-

569 3630 762 3718 gunt,
817 3620 1188 3695 emendare
1241 3632 1598 3714 conantur,
1648 3621 1823 3694 ultro
1884 3622 2362 3718 depravarunt.
2452 3622 2683 3709 Quare

569 3752 626 3825 si
680 3748 949 3845 quando
1008 3749 1261 3825 bonam
1312 3749 1678 3823 lectionem
1745 3748 2031 3840 habent,
2096 3771 2293 3844 quam
2357 3750 2489 3824 DR
2541 3772 2681 3824 non

642 3952 697 4027 *)
737 3952 809 4009 V.
837 3953 1074 4085 g.5‚10.
1095 3955 1254 4021 36,2.
1283 3951 1444 4020 421.
1476 3957 1761 4025 62,9;10.
1800 3952 1872 4009 At
1897 3954 2046 4031 p.52
2073 3952 2126 4010 D
2156 3952 2360 4010 omittit
2387 3971 2436 4010 v.
2468 3952 2680 4031 patri,

721 4049 833 4104 quo
915 4029 969 4086 R
1009 4030 1283 4105 agnoscit.
1583 4082 1592 4085 ι

640 4146 717 4219 **)
762 4146 854 4203 cs.
898 4167 954 4224 p.
984 4149 1039 4215 5,
1066 4153 1121 4205 2.
1163 4150 1376 4216 4212.
