3025 4925
904 397 1011 457 DE
1048 398 1178 457 DIE
1218 399 1513 458 NATALI
1554 399 1721 458 CAP.
1748 401 1806 460 4.
2380 406 2418 461 9

316 561 457 629 neri
498 570 696 652 eaput
754 560 1221 652 exordiumque
1271 559 1523 629 nullum
1574 559 1862 628 extitisse
1917 558 2197 629 arbitrati
2249 572 2421 648 sunt,

319 675 431 743 ahi
465 698 622 744 vero
666 677 863 744 fuisse
904 684 1158 767 tempus
1222 697 1375 745 eum
1415 674 1709 743 homines
1751 696 1884 743 nou
1929 685 2174 760 essent,
2217 687 2284 745 et
2322 677 2423 746 his

321 800 535 858 ortum
562 789 846 882 aliquem
872 791 1381 883 principiumque
1409 800 1639 859 natura
1669 790 1995 858 tributum.
2082 790 2218 860 Sed
2251 795 2427 886 prior
2451 804 2489 859 3

320 904 432 973 illa
467 905 817 987 sententia,
863 927 991 995 qua
1032 907 1291 997 semper
1340 904 1694 974 humanum
1733 927 1940 996 genus
1983 906 2181 975 fuisse
2224 908 2431 977 credi-

271 1039 299 1079 ⁵
324 1031 450 1104 tur,
492 1028 791 1088 auctores
830 1017 1023 1087 habet
1061 1020 1476 1112 Pythagoran
1521 1020 1813 1089 Samium
1858 1029 1925 1088 et
1967 1020 2267 1090 Ocellam
2296 1021 2432 1093 Lu·

324 1157 564 1204 eanum
605 1143 672 1203 et
713 1133 1041 1226 Archytan
1083 1135 1506 1205 Tarentinum
1560 1155 1915 1227 omnesque
1973 1135 2136 1205 adeo
2190 1136 2433 1228 Pytha-

326 1250 600 1340 goricos.
685 1250 802 1317 sed
846 1259 915 1318 et
950 1250 1140 1332 Plato
1183 1249 1590 1320 Atheniensis
1646 1261 1712 1319 et
1752 1248 2161 1321 Xenocrates
2208 1262 2275 1322 et
2313 1252 2434 1321 Di·-

326 1364 681 1433 caearchus
717 1364 1078 1433 Messenius
1132 1366 1418 1457 itemque
1474 1368 1776 1458 antiquae
1819 1365 2187 1437 academiae
2225 1367 2434 1460 philo·

324 1478 518 1570 sophi
557 1501 690 1547 non
735 1478 908 1548 aliud
944 1480 1248 1549 videntur
1281 1482 1543 1571 opinati,
1585 1479 1961 1550 Aristoteles
1993 1503 2253 1574 quoque
2285 1484 2437 1551 Sta-

253 1614 311 1655 ιο
333 1593 553 1684 girites
599 1602 666 1660 et
708 1592 1193 1685 Theophrastus
1222 1592 1548 1687 'multique
1589 1603 1925 1687 praeterea
1955 1618 2088 1664 non
2121 1596 2436 1687 ignobiles

329 1708 729 1799 peripatetici
748 1709 923 1776 idem
954 1709 1362 1801 seripserunt.
1425 1710 1584 1779 Eius
1610 1712 1840 1802 quaeri
1867 1708 2171 1801 exemplo
2200 1710 2439 1796 dieunt,

330 1821 511 1913 (βοὰ
551 1832 794 1914 negant
832 1825 1095 1892 omnino
1139 1848 1335 1916 posse
1375 1826 1662 1917 reperiri,
1705 1847 1947 1894 avesne
1993 1834 2142 1896 ante
2186 1848 2269 1893 an
2311 1849 2439 1898 ova

333 1946 642 2026 generata
695 1941 851 2021 sint,
906 1961 1057 2007 cum
1101 1949 1167 2008 et
1209 1962 1409 2006 ovum
1458 1940 1599 2007 sine
1652 1962 1773 2007 ave
1827 1949 1893 2007 et
1946 1940 2082 2008 avis
2121 1939 2266 2008 sine
2312 1963 2438 2009 ovo

334 2052 515 2142 gigni
555 2074 689 2119 non
732 2053 954 2143 possit.
1040 2054 1260 2145 itaque
1304 2062 1369 2121 et
1412 2054 1718 2137 omnium,
1762 2076 1928 2146 quae
1957 2054 2025 2122 in
2043 2055 2438 2146 'sempiterno
2465 2065 2505 2123 4

255 2192 313 2233 1⁵
337 2167 485 2233 isto·
508 2166 751 2234 mundo
801 2190 1061 2259 semper
1100 2169 1363 2236 fuerunt
1401 2169 1743 2260 futuraque
1782 2177 1953 2252 sunt,
1994 2170 2172 2238 aiunt
2209 2172 2444 2261 princi·-

333 2281 514 2372 pium
556 2281 757 2349 fuisse
795 2281 1074 2367 nullum,
1135 2283 1254 2351 sed
1308 2282 1532 2352 orbem
1577 2307 1722 2352 esse
1767 2284 2088 2376 quendam
2130 2307 2445 2376 generan-

330 2398 495 2465 tium
534 2398 1067 2491 timentiumque
1077 2449 1097 2483 ,
1134 2398 1202 2466 in
1248 2421 1375 2490 quo
1420 2400 1927 2493 uniuscuiusque
1963 2400 2164 2491 geniti
2197 2402 2446 2471 initium

338 2606 375 2660 3
415 2602 728 2681 aliquando
882 2608 954 2665 11
996 2603 1237 2694 eiusque
1277 2605 1362 2663 rei
1401 2605 1666 2685 exempla

343 2787 372 2840 1
418 2780 608 2859 capud
644 2781 717 2841 D.
833 2781 1236 2861 exordiumque
1273 2783 1560 2860 glossema
1598 2784 1774 2844 habet
1797 2783 1972 2843 Fuhr.
2013 2784 2051 2843 1.
2080 2786 2121 2843 1.
2253 2791 2290 2845 3
2330 2788 2450 2846 ali-

326 2858 567 2934 ‚quando
606 2858 627 2915 1
667 2857 724 2934 (2
738 2859 986 2935 aliquem
1028 2857 1110 2929 a.)
1296 2861 1335 2919 4
1374 2879 1521 2937 quae
1556 2861 1630 2919 D.
1686 2879 1830 2939 quae
1867 2879 1919 2919 s.
1961 2861 2197 2920 credidit
2232 2882 2307 2921 m.
2352 2865 2450 2921 Cf.

342 2936 531 2993 Varro
569 2935 643 2994 R.
682 2936 754 2994 R.
792 2936 862 3004 11,
888 2939 942 3005 1,
964 2940 1020 2994 3.
1137 2939 1173 2996 5
1200 2936 1381 3010 ΡΙιυῡ.
1422 2937 1493 2995 R.
1619 2939 1886 2996 ooo-oium
1921 2938 2048 3006 DR,
2104 2943 2356 2997 coceium
2393 2960 2448 3017 g,

343 3015 554 3069 ossium
591 3031 636 3083 r,
677 3014 917 3070 oeci-ium
954 3012 1031 3070 la.
1075 3013 1333 3072 ocellum
1345 3022 1492 3072 sest.
1524 3014 1639 3071 Th.
1671 3013 1904 3071 Canter.
1932 3014 2073 3071 Var.
2105 3014 2260 3072 lectt.
2285 3016 2327 3083 1,
2353 3021 2447 3076 17.

342 3089 573 3164 Menag.
625 3089 702 3147 ad
738 3089 910 3166 Diog.
949 3091 1018 3146 L.
1058 3089 1209 3158 VIII,
1239 3093 1333 3148 80.
1384 3089 1519 3148 hist.
1561 3089 1696 3147 mul.
1737 3089 1879 3169 phil.
1921 3095 2051 3149 101.
2121 3090 2215 3148 Cf.
2257 3091 2448 3153 Ocell.

344 3167 487 3222 Luc.
530 3166 604 3224 de
643 3167 793 3223 univ.
837 3186 886 3223 c.
920 3170 976 3224 3.
1019 3166 1091 3223 cl.
1131 3166 1373 3224 Philone
1415 3167 1488 3224 de
1530 3178 1643 3224 aet.
1684 3167 1881 3224 mundi
1918 3187 1978 3245 p.
2011 3168 2125 3228 489
2151 3168 2231 3225 Μ.

346 3245 384 3299 6
422 3240 751 3315 Adrenytau
776 3243 849 3313 D,
887 3243 1188 3303 Architum
1211 3243 1321 3320 Rg.
1400 3243 1470 3302 ab
1498 3262 1561 3301 eo
1604 3263 1682 3326 a..
1774 3243 1940 3316 Pyth.
1986 3244 2080 3303 Cf.
2120 3243 2452 3305 Beckmann

350 3368 424 3426 de
459 3367 702 3444 Pythag.
743 3369 869 3427 rell.
910 3388 971 3447 p.
991 3375 1030 3428 2
1050 3389 1138 3448 sq.
1266 3374 1306 3430 7
1344 3331 1708 3430 Athenian&
1743 3370 1817 3428 D.
1870 3371 1964 3428 Pl.
2005 3378 2058 3428 et
2094 3374 2237 3430 Xon.
2277 3373 2453 3431 Athe-

346 3449 569 3503 nienses
615 3445 743 3502 cod.
787 3449 946 3525 apud
983 3447 1183 3505 Barth.
1224 3447 1263 3506 1.
1304 3447 1343 3505 l.
1397 3447 1492 3505 Cf.
1533 3449 1700 3505 Plato
1737 3448 1889 3525 legg.
1932 3448 2013 3504 VI
2096 3453 2242 3508 ,781
2264 3449 2335 3508 Ε.
2362 3469 2450 3528 sq.

351 3520 737 3580 meacm-dms
774 3523 834 3580 in
872 3523 1018 3582 libro
1070 3525 1144 3581 de
1184 3525 1439 3593 interitu,
1476 3543 1531 3583 v,
1572 3524 1793 3583 Osann.
1834 3525 2017 3583 Beitr.
2145 3544 2204 3603 p.
2226 3529 2304 3585 57
2322 3545 2453 3604 sqq.

351 3603 389 3658 8
427 3600 561 3655 item
599 3604 718 3655 ont.
758 3599 836 3675 gl.
966 3604 1002 3660 9
1043 3602 1279 3678 opinari
1315 3620 1391 3658 m.
1508 3602 1850 3661 Arestotelis
1886 3602 1959 3670 D,
2007 3603 2341 3662 Aristotelis
2381 3606 2453 3662 R.

351 3675 643 3749 stagiritis
680 3674 753 3732 D.
873 3681 949 3734 10
985 3675 1351 3753 theoprastus
1387 3680 1460 3738 R.
1503 3678 1598 3735 Cf.
1639 3679 1861 3740 Osann.
1902 3679 1941 3736 l.
1982 3678 2021 3738 l.
2063 3700 2122 3758 p.
2143 3683 2219 3737 62
2240 3699 2367 3757 sqq.

355 3755 425 3809 11
525 3752 890 3825 eripatecit-zot
925 3753 1000 3810 D.
1172 3751 1523 3812 scribserunt
1558 3755 1632 3813 D.
1806 3761 2039 3832 eiusque
2081 3758 2166 3813 rei
2202 3757 2460 3832 ampla

355 3826 467 3884 cod
512 3866 556 3894 .,
600 3827 757 3901 quod
797 3831 1042 3888 correxit
1078 3829 1429 3890 Lachmann.
1570 3837 1645 3891 12
1684 3836 1785 3910 qui
1818 3841 2026 3909 neyant
2065 3852 2117 3891 a.
2249 3841 2459 3908 negant

354 3922 467 3962 non
503 3921 677 4020 pos-sq
709 3904 822 3981 gla.
976 3924 1196 3985 γεγρα.
1238 3904 1365 3966 DR.
1522 3914 1721 3968 avesui
1758 3918 1888 3969 ante
1926 3929 2066 3969 aves
2106 3928 2220 3968 ova
2256 3910 2296 3967 l.

363 4038 437 4092 13
475 3991 832 4108 ymeraasstnt
869 4036 943 4094 D.
987 4036 1255 4095 Ceterum
1297 4035 1371 4093 cf.
1406 4035 1558 4093 Plut.
1588 4037 1788 4116 Symp.
1814 4039 1882 4106 11,
1908 4043 1964 4107 3,
1987 4042 2168 4113 2sqq.
2207 4037 2462 4096 Macrob.

364 4111 487 4168 Sat.
509 4110 634 4179 Vll,
657 4114 748 4180 16,
772 4115 866 4170 ubi
889 4113 1035 4173 haee
1068 4113 1332 4190 quaestio
1361 4113 1627 4188 agitatur.
1746 4117 1820 4174 15
1849 4133 1956 4191 que
1981 4116 2041 4173 in
2067 4132 2182 4175 ras.
2204 4116 2463 4174 a21n.D.

366 4191 438 4245 16
479 4186 795 4264 quamdam
834 4191 907 4250 D.
1028 4194 1101 4249 17
1139 4192 1554 4266 uniusquisque
1589 4190 1663 4248 D.
2427 4226 2434 4233 ·
