3025 4925
945 357 1414 419 FRAGMEN‘H
1455 359 1623 418 GAP.
1652 361 1745 418 1-5.
2328 364 2407 421 99

291 516 605 607 syllabam
654 539 884 599 unam,
930 542 1096 609 quae
1141 527 1240 584 est
1282 529 1430 587 ante
1477 529 1875 599 extreman».
1901 544 1987 587 ex
2028 519 2221 611 longa
2251 538 2407 588 eon·-

292 627 498 712 traho,
545 640 614 697 ut
1037 694 1044 703 .
1083 714 1090 727 ·
1348 646 1356 652 '
1423 696 1428 703 .

667 746 864 821 Cives
891 745 1386 819 Romanunm
1423 749 1577 818 faeti
1615 757 1769 817 sunt
1804 751 2041 842 Apuli,.
2094 780 2102 789 ·

291 870 360 928 et
400 883 546 928 esse
592 862 805 950 coepit
848 862 1187 929 trimetros.
1235 869 1262 899 ¹⁸
1307 869 1335 933 .*
1377 862 1740 953 elegiacum
1785 864 2091 949 transibit,

234 1005 263 1044 s
525 993 533 1001 ·
641 1002 672 1025 ··
833 1016 862 1029 ‹·
1004 975 1189 1047 Bella
1229 992 1348 1068 per
1385 976 1769 1047 Emathios:

282 1091 536 1159 Rursus
584 1115 628 1158 a
655 1099 1071 1180 ‚pentametro
1121 1100 1196 1159 ut
1249 1106 1617 1185 conponam
1656 1092 1984 1174 heroicos,
2028 1112 2214 1161 sumo
2257 1114 2406 1183 par-

282 1217 419 1274 tem
462 1207 905 1296 posteriorem,

625 1319 806 1387 Dum
848 1343 1032 1388 meus
1078 1319 1345 1388 adsiduo
1388 1319 1605 1387 luceat
1645 1321 1799 1411 igne
1836 1322 2043 1409 focus,

282 1445 352 1503 et
392 1457 713 1524 conpono,

202 1577 260 1615 10
483 1548 734 1617 Luceat
771 1549 923 1641 igne
964 1547 1146 1637 foeus
1192 1548 1429 1616 Troiae
1474 1550 1584 1641 qui
1623 1550 1867 1639 primus
1918 1548 1997 1616 ab
2044 1551 2188 1619 oris,

279 1662 699 1733 Phalaecium
740 1687 1102 1749 numerum,
1147 1666 1258 1755 qui
1301 1671 1399 1730 est
1518 1682 1523 1687 ·

369 1767 376 1772 ’
719 1778 881 1845 Altis
922 1775 1198 1865 fiumina
1225 1775 1507 1843 vallibus
1553 1784 1941 1863 tumescunt,
1988 1772 1997 1781 “

279 1893 532 1959 insertis
577 1892 789 1960 verbis
833 1890 997 1959 facio
1043 1891 1393 1973 heroicum,

480 2005 640 2074 Altis
683 2003 958 2095 fiumina
1003 2006 1254 2098 prodita
1296 2003 1568 2071 vallibus
1613 2004 1763 2072 inde
1809 2015 2188 2077 tumescunt.

195 2154 255 2196 ιε
285 2121 537 2189 Ionicus
583 2131 681 2187 est

688 2236 1030 2304 Metuentis
1072 2245 1341 2327 patruae
1383 2233 1655 2302 verbera
1696 2232 1985 2325 linguae:

280 2352 552 2419 adiciam
588 2351 766 2418 trinis
809 2350 1020 2419 verbis
1066 2350 1351 2443 singulas
1394 2348 1695 2439 syllabas,

362 2466 555 2535 Nune
597 2466 938 2534 metuentis
980 2489 1155 2535 nunc
1196 2475 1466 2556 pamiae
1505 2485 1680 2533 nunc
1721 2465 1992 2535 verbera
2033 2463 2310 2557 linguae.

192 2589 450 2721 wletm
620 2665 865 2731 ltaliam
907 2667 1034 2733 fato
1081 2666 1389 2758 profugus
1432 2664 1832 2768 Laviniaque
1875 2667 2071 2748 venit,

280 2779 383 2848 cui
430 2788 530 2845 est
570 2778 774 2845 simile

572 2893 856 2960 Patriam
900 2902 1037 2959 tum
1079 2894 1388 2985 profugus
1428 2891 1828 2983 Laviniaque
1872 2895 2102 2984 coepit.

276 3103 315 3155 3
353 3098 568 3175 Appuli
722 3096 761 3155 4
798 3097 1109 3155 trimetron.
1147 3095 1483 3172 Elegiacum
1634 3098 1671 3150 6
1713 3094 1791 3151 ad
1829 3102 2216 3173 pentametros

274 3179 350 3233 17
387 3175 565 3233 trinas
591 3174 776 3232 verbis
806 3172 1045 3250 singulis
1150 3179 1223 3234 19
1263 3181 1432 3232 verto,
1526 3175 1604 3229 20
1642 3172 1977 3249 Lavinaque
2107 3177 2180 3230 21
2224 3179 2276 3230 et
2314 3177 2392 3231 22

275 3269 385 3309 om.

274 3444 315 3502 4
352 3445 645 3501 trimetron
668 3442 834 3518 DRg.
877 3442 1032 3498 Tum
1054 3441 1340 3517 quaedam
1366 3439 1652 3498 excidisse
1681 3458 1715 3496 a
1758 3446 1941 3518 paret.
1985 3439 2043 3496 iu
2070 3439 2206 3497 add.
2221 3439 2388 3516 Nun-

277 3539 403 3577 neS.
570 3522 606 3578 5
651 3519 810 3576 Bella
845 3537 946 3594 per
983 3519 1282 3576 Emathios
1322 3518 1576 3594 (Lucan.
1604 3517 1646 3585 1,
1674 3458 1755 3592 13
1802 3516 1890 3572 bis
1930 3515 2202 3594 ponenda
2240 3536 2390 3583 esse,

277 3606 342 3652 ut
380 3616 452 3654 ex
488 3597 722 3654 heroico
761 3603 1120 3672 pentameter
1158 3595 1446 3670 elegiacus
1472 3592 1589 3662 fiat,
1618 3593 1835 3651 monuit
1861 3593 2122 3650 Nunnes.
2240 3596 2275 3649 6
2316 3592 2392 3650 ad

257 3679 647 3748 pentametros
682 3671 848 3748 DRg.
979 3675 1016 3729 8
1058 3672 1275 3727 Tibull.
1317 3671 1441 3738 1,1,
1469 3674 1526 3727 6.
1665 3669 1939 3728 assiduus
1975 3669 2049 3727 D.
2178 3673 2245 3727 11
2289 3668 2392 3740 fa·-

277 3750 504 3807 lentium
523 3750 593 3805 R.
692 3754 784 3806 12.
802 3749 876 3806 14
897 3747 1186 3806 altissima
1204 3747 1369 3823 DRg.
1393 3763 1540 3803 corr.
1565 3748 1789 3804 Carrio.
1892 3749 1965 3803 16
1989 3746 2190 3803 Horat.
2215 3765 2389 3802 carm.

274 3826 371 3894 ΙΙΙ,
399 3831 491 3894 12,
520 3830 574 3883 1.
750 3831 1048 3882 metuentes
1084 3825 1156 3883 R.
1343 3826 1569 3899 patriae
1606 3842 1660 3898 g.
1857 3826 1932 3880 17
1968 3822 2111 3879 Post
2147 3822 2392 3880 adiciam

280 3902 491 3960 desinit
529 3902 601 3959 D.
717 3906 904 3960 trinas
943 3902 1052 3976 Rg.
1166 3900 1407 3976 sinyulis
1431 3900 1502 3967 R,
1541 3898 1796 3974 siuyulas
1820 3918 1932 3974 gm.
2051 3904 2145 3956 20.
2165 3902 2242 3954 22
2269 3902 2392 3955 La-

275 3982 515 4054 vinaque
551 3980 604 4036 R
631 3986 688 4035 et
714 3984 790 4036 20
818 3998 872 4055 g.
915 3977 1038 4035 Sed
1057 3983 1195 4036 v.22
1223 3975 1528 4054 legendum
1549 3985 1641 4034 est
1657 3978 1917 4051 vinaque.
2035 3981 2110 4034 20
2128 3977 2277 4033 venit
2312 4006 2391 4019 --

277 4060 355 4113 22
394 4058 728 4131 Lavinaque
767 4074 877 4113 om.
920 4071 975 4131 g.
1795 4126 1898 4190 ⁷*
