3025 4925
728 476 749 494 „
875 425 981 485 DE
1020 425 1150 484 mn
1188 389 1687 491 NATAL1.CAP.
1721 435 1812 489 10.
2312 437 2388 493 25

287 584 657 654 admirabile
695 569 1103 678 Pythag'orae
1153 589 1428 656 referam
1468 597 1934 673 commentum,
1990 593 2099 681 qui
2141 603 2390 662 secreta

284 711 563 795 natiuae
597 701 915 769 servando
957 705 1194 793 reperit
1224 701 1589 795 phthongos
1625 706 2018 773 musicorum
2048 709 2396 776 convenire

286 817 370 885 ad
424 818 740 885 rau‘onem
791 839 1224 885 numerorum.
1321 817 1495 887 Nam
1549 817 1824 887 chordas
1881 843 2090 912 aeque
2142 846 2394 894 crassas
2511 904 2519 910 ,

281 927 550 1025 parique
591 932 991 1024 longitudine
1016 933 1300 1000 diversis
1354 932 1744 1024 ponderibus
1806 936 2105 1021 tetendit,
2164 940 2391 1030 quibus

230 1075 260 1116 s
287 1069 487 1139 saepe
521 1047 723 1139 pulsis
761 1069 885 1116 nec
924 1046 1270 1138 phthongis
1312 1047 1396 1116 ad
1437 1046 1636 1115 ullam
1663 1048 2100 1141 symphonian.
2120 1077 2391 1123 concor-

285 1163 580 1230 dantibus
615 1162 901 1254 pondera
925 1161 1233 1248 mutabat,
1273 1172 1339 1229 et
1376 1162 1727 1232 identidem
1760 1166 2127 1258 frequenter
2159 1157 2391 1261 exper-

284 1287 389 1345 tus
450 1287 785 1371 postremo
842 1275 1266 1367 deprehendit
1318 1287 1470 1345 tunc
1522 1277 1684 1346 duas
1738 1279 2011 1348 chordas
2055 1285 2401 1353 concinere

282 1393 351 1460 id
394 1393 568 1483 quod
615 1403 716 1461 est
758 1389 877 1458 διὰ
918 1387 1285 1478 τεσσάρων,
1329 1414 1479 1459 cum
1524 1415 1745 1462 earum
1786 1396 2076 1486 pondera
2115 1400 2283 1467 inter
2325 1423 2400 1468 se

286 1499 522 1575 collata
561 1508 878 1575 rationem
911 1505 1227 1574 haberent
1282 1527 1474 1596 quam
1532 1509 1653 1574 tria
1697 1509 1779 1575 ad
1820 1520 2149 1603 quattuor,
2201 1537 2397 1605 quem

202 1645 260 1686 ιυ
285 1601 690 1715 phthongum
742 1619 1120 1689 arithmetici
1177 1618 1410 1687 Graeci
1473 1618 1812 1712 ἐπίτριτον
1858 1636 2124 1710 vocant,
2181 1627 2397 1698 Latini

282 1740 755 1828 supertertium.
852 1735 939 1804 At
981 1758 1126 1803 eam
1169 1733 1595 1828 symphonian
1641 1761 1806 1829 quae
1850 1738 1965 1806 διὰ
2006 1742 2198 1808 πέντε
2237 1744 2393 1814 dici-
2420 1759 2457 1816 9

281 1860 391 1919 tur
444 1851 532 1918 ibi
588 1852 839 1919 invenit
884 1852 994 1918 ubi
1041 1849 1401 1940 ponderum
1452 1851 1793 1920 discrimen
1846 1856 1916 1922 in
1970 1851 2399 1949 sesquialtera

280 1968 702 2058 proportione
745 1974 887 2046 est,
934 1983 1127 2056 quam
1170 1962 1296 2030 duo
1340 1965 1584 2033 faciunt
1626 1967 1709 2033 ad
1750 1970 1872 2036 tria
1914 1969 2179 2056 collata,
2209 1975 2399 2066 'quod

283 2074 600 2167 ἡμιόλιον
667 2078 1008 2169 appellant.
1117 2076 1288 2144 Cum
1357 2088 1576 2145 autem
1635 2079 1845 2149 altera
1902 2082 2143 2152 chorda
2201 2087 2396 2179 duplo

199 2224 259 2267 ιε
285 2197 535 2260 maiore
567 2194 856 2284 pondere
888 2216 1083 2284 quam
1110 2196 1312 2265 altera
1345 2191 1718 2263 tenderetur
1738 2204 1804 2264 et
1823 2208 1996 2268 esset
2023 2199 2400 2271 διπλασίων

282 2304 506 2398 λόγος,
556 2306 675 2375 διὰ
714 2295 954 2374 πασῶν
1005 2310 1295 2377 sonabat.
1381 2309 1530 2377 Hoc
1571 2318 1638 2377 et
1674 2312 1741 2376 in
1782 2312 1949 2380 tibiis
1992 2316 2047 2381 si
2089 2322 2501 2397 conveni-10

286 2434 391 2493 ret
448 2423 816 2515 temptavit,
869 2425 995 2492 ne'c
1048 2424 1220 2493 aliud
1273 2425 1535 2492 invenit.
1635 2422 1832 2494 Nam'
1862 2437 2164 2519 quattuor
2216 2434 2406 2503 tibias

286 2540 429 2632 pari
454 2561 619 2607 cavo
641 2540 909 2631 paravit,
935 2538 1214 2630 impares
1240 2539 1662 2630 longitudine,
1682 2542 1956 2631 primam
1987 2545 2172 2613 verbi
2206 2570 2405 2618 causa

290 2654 555 2746 longam
608 2654 841 2745 digitos
884 2653 1008 2738 VI,
1061 2655 1416 2722 seetmdam
1469 2655 1657 2722 tertia
1712 2665 1896 2744 parte
1949 2658 2162 2729 addita
2194 2664 2260 2730 id
2306 2647 2432 2733 est*

209 2798 270 2839 ω
297 2769 638 2858 digitorum
664 2767 857 2851 VIII,
908 2769 1160 2836 tertiam
1203 2770 1547 2860 digitorum
1587 2768 1756 2839 VIIII
1795 2773 2095 2864 sescuplo
2150 2776 2404 2870 longio-

294 2906 434 2952 rem
491 2907 688 2976 quam
739 2885 1041 2974 primam3
1097 2891 1391 2972 quartam
1430 2906 1602 2951 «vero
1645 2882 1767 2951 XII
1808 2884 2183 2975 digitorum,
2238 2918 2406 2985 quae

294 3000 567 3091 primam
606 2997 1006 3088 longitudine
1048 2996 1420 3089 duplicaret.
1507 2995 1627 3064 His
1668 2998 1887 3088 itaque
1926 3001 2158 3071 inflatis
2206 3014 2270 3074 et
2308 3008 2405 3075 bi·
2432 3030 2502 3084 11

296 3194 336 3248 2
375 3189 682 3247 scrutando
815 3191 851 3249 5
893 3188 1284 3267 symphoniam
1417 3190 1453 3244 6
1493 3187 1556 3244 id
1590 3186 1767 3245 ident.
1897 3196 1964 3249 11
2010 3195 2406 3275 symphoniam

298 3269 379 3324 22
415 3264 779 3343 sesquitertia
816 3275 906 3325 est
942 3285 1110 3345 prop.
1243 3266 1316 3322 15
1358 3258 1664 3343 διπλασίῳ
1703 3263 1863 3323 locus

302 3433 333 3486 1
378 3428 545 3500 Puta.
600 3429 673 3503 cf.
712 3428 910 3487 Iambl.
949 3446 1001 3487 v.
1040 3428 1208 3503 Pyth.
1231 3431 1329 3486 26.
1367 3426 1577 3487 Boeth.
1600 3446 1744 3484 mus·
1768 3426 1811 3498 I,
1833 3434 1906 3489 10
1921 3451 2008 3508 sq.
2049 3433 2303 3494 Macrob.
2346 3439 2406 3496 in

306 3505 430 3562 Cic.
472 3527 518 3563 s.
561 3505 658 3564 Sc.
698 3507 846 3573 11,1.
887 3505 1111 3561 Nicom.
1142 3506 1323 3561 harm.
1364 3506 1389 3561 I
1428 3525 1486 3583 p.
1511 3509 1585 3563 10
1604 3522 1733 3579 sqq.
1848 3511 1886 3563 2
1922 3511 2198 3569 servando
2219 3513 2405 3590 DRgl,

298 3582 571 3641 :mando
613 3602 667 3641 a.
711 3581 805 3640 Cf.
847 3581 1007 3657 Virg.
1028 3582 1172 3639 Aen.
1204 3582 1303 3650 VI,
1324 3585 1437 3640 338
1475 3580 1665 3638 sidera
1700 3590 1912 3640 servat.
2028 3592 2064 3644 3
2106 3589 2307 3647 cordas
2330 3592 2405 3648 D.

302 3660 343 3717 4
381 3662 575 3735 aequis
610 3659 777 3736 pond.
824 3657 1129 3715 Cauchius.
1274 3656 1445 3734 pund.
1486 3658 1559 3715 D.
1704 3660 1739 3715 5
1778 3659 2006 3737 thonyis
2044 3664 2118 3721 D.
2158 3683 2256 3724 neo
2294 3687 2407 3730 om.

303 3736 554 3804 Manat„
579 3738 677 3812 qui
701 3736 848 3793 coni.
893 3734 1130 3792 nullam.
1171 3732 1328 3791 illam
1359 3753 1434 3790 m.
1476 3752 1655 3792 unam
1678 3734 1996 3796 Cauchius.
2103 3742 2308 3816 simpli.
2333 3744 2407 3801 D.
2471 3742 2493 3784 ·’

306 3817 347 3869 6
382 3811 696 3887 frequenter
744 3810 1051 3869 delendum
1101 3818 1266 3889 putat
1303 3810 1564 3868 Vinctus.
1682 3835 1688 3840 ·
1772 3817 1848 3870 10
1885 3822 2135 3891 ptonyon
2173 3817 2245 3874 D.

304 3892 577 3965 epitriton
612 3890 813 3965 DRga.
968 3888 1155 3946 ssed
1189 3886 1377 3961 DRgl.
1521 3892 1596 3945 12
1633 3886 1727 3945 ubi
1763 3890 1834 3947 R.
1874 3908 1924 3952 u.
1954 3911 2103 3950 eras.
2142 3894 2202 3950 in
2238 3895 2311 3953 D.
2352 3899 2414 3955 iu

305 3965 615 4042 ponderum
663 3965 983 4024 discrimine
1016 3967 1080 4022 in
1115 3984 1165 4022 s.
1206 3962 1320 4040 gla.
1370 3961 1448 4020 ibi
1480 3964 1755 4022 invenitur
1788 3968 1851 4022 in
1884 3986 1943 4042 p.
1981 3968 2301 4029 discrimine
2334 3992 2411 4030 m.

305 4041 670 4118 mquipktra
705 4042 857 4099 Dms
868 4041 1092 4110 Almel.,
1128 4043 1472 4116 sesquipetra
1510 4041 1583 4108 R,
1622 4044 1973 4115 sesquitertia
2011 4046 2089 4120 gl,
2137 4049 2416 4124 sesqua-tulf

309 4124 432 4176 mu
468 4138 544 4186 m,
585 4128 649 4175 ut
686 4137 832 4176 corr.
873 4117 1133 4194 Scaliger
1170 4127 1230 4175 et
1267 4116 1532 4173 Vinetus.
1727 4121 1801 4174 13
1839 4125 1923 4177 est
1960 4138 2072 4179 om.
2112 4123 2297 4201 DRgl.

314 4195 388 4253 14
426 4194 684 4328 maipa
718 4196 792 4253 D.
986 4197 1059 4254 15
1110 4193 1394 4272 diplasion
1432 4192 1590 4252 loeus
1635 4193 1800 4271 DRg.
1853 4190 2195 4278 διπλασίων
2234 4195 2417 4278 λόγος

315 4291 460 4329 corr.
494 4273 609 4331 Sca
633 4273 772 4348 iger.
