3025 4925
564 381 643 433 22
1166 373 1272 431 DE
1309 371 1439 431 DIE
1479 369 1773 432 NATALI
1815 371 1980 430 CAP.
2004 375 2060 431 8.

565 555 699 602 non
754 532 961 601 editur
1014 532 1127 619 (ab
1192 543 1423 603 octavo
1483 535 1655 603 enim
1703 534 1892 625 signo
1933 542 2009 599 ut
2051 554 2090 600 a
2131 543 2320 602 sexto
2375 528 2678 599 inefficax

567 649 792 733 visus),
832 643 951 716 sed
979 648 1088 716 vel
1125 671 1297 719 nono
1334 672 1560 719 mense
1590 647 1700 717 vel
1735 647 2006 716 decimo.
2089 646 2191 716 so]
2223 649 2393 715 enim
2426 669 2464 713 a
2498 665 2676 712 nono
2712 648 2800 702 12

572 763 756 831 zodio
800 761 1178 853 particulam
1223 766 1659 856 conceptionis
1712 785 1936 830 rursus
1978 762 2292 852 conspicit
2329 761 2504 830 κατὰ
2539 754 2684 848 ὠρί-

572 903 784 968 γωνον
841 888 907 946 et
959 900 998 944 a
1057 877 1306 946 decimo
1376 880 1548 948 κατὰ
1608 874 2046 970 τετράγωνονς
2113 880 2223 970 qui
2277 882 2687 965 conspectus,

524 1016 550 1056 s
576 1002 650 1060 ut
690 1013 886 1084 supra
925 993 1056 1061 iam
1100 993 1340 1061 dictum
1385 1006 1502 1078 est,
1543 1018 1858 1088 perquam
1898 1002 2049 1062 sunt
2090 991 2436 1061 efficaces.-
2490 990 2692 1057 Cete-
2720 996 2804 1051 13

575 1132 721 1177 rum
763 1105 1105 1177 undecimo
1147 1131 1278 1178 non
1313 1120 1545 1201 putant
1585 1115 1785 1194 nasci,
1827 1111 1978 1202 quia
2017 1108 2320 1200 languido
2346 1106 2479 1172 iam
2510 1102 2698 1170 radio

578 1224 900 1291 infirmum
949 1222 1169 1292 lumen
1226 1225 1398 1293 κατὰ
1455 1220 1786 1315 ἑξάγωνον
1835 1227 2155 1307 mittatur3
2220 1220 2426 1290 multo
2479 1219 2696 1285 minus

585 1335 1003 1421 duodecimo,
1044 1339 1219 1407 unde
1263 1351 1651 1433 conspectus
1695 1363 1812 1431 pro
1855 1339 2033 1407 nullo
2087 1338 2375 1406 habetur.
2475 1333 2703 1425 Itaque

583 1453 943 1521 secundum
983 1453 1152 1523 hanc
1193 1458 1514 1524 rationem·
1552 1450 1926 1545 ἑπτάμηνα
1965 1463 2318 1522 nascuntur
2345 1448 2520 1519 κατὰ
2542 1444 2702 1517 διά-

508 1593 567 1634 10
587 1591 848 1661 μετρον,
893 1566 1279 1659 ἐννεάμηνοι
1321 1581 1537 1639 autem
1564 1571 1734 1640 κατὰ
1762 1568 2100 1662 τρίγωνον,
2145 1561 2512 1656 fluviumve
2536 1586 2700 1633 vero

585 1684 756 1754 κατὰ
793 1681 1217 1775 τετράγωνον.
1464 1671 1469 1676 ’
2293 1671 2298 1676 ’

756 1797 871 1866 ΙΧ.
954 1800 1097 1868 Hac
1157 1799 1632 1870 Chaldaeorum
1694 1804 2010 1870 sententia
2067 1787 2387 1892 enplicata
2440 1808 2702 1865 transeo
2732 1806 2763 1860 1

591 1915 674 1983 ad
717 1916 1085 2004 opinionem
1109 1914 1608 2008 Pythagoricam
1636 1897 1914 1984 Varroni
1944 1924 2282 1984 tractatam
2313 1916 2381 1982 in
2403 1912 2565 1979 libro
2593 1910 2704 2001 qui

590 2041 865 2099 vocatur
887 2030 1146 2099 Tubero
1189 2042 1255 2099 et
1293 2027 1464 2100 intus
1508 2032 1925 2100 subscribitur
1970 2032 2053 2098 de
2099 2029 2346 2121 origine
2386 2027 2701 2108 humana3

516 2173 572 2213 15
599 2167 765 2236 quae
810 2145 1068 2235 quidem
1112 2147 1273 2214 ratio
1297 2132 1662 2238 'praecipue
1688 2146 2054 2239 recipienda
2078 2146 2161 2213 ad
2192 2145 2531 2211 ven‘tatem
2554 2163 2709 2231 pro-
2732 2140 2771 2194 2

593 2259 771 2328 xime
811 2259 1064 2327 videtur
1107 2261 1436 2328 accedere.
1530 2261 1655 2329 Alii
1699 2263 1868 2329 enim
1909 2261 2228 2352 plerique,
2287 2281 2439 2326 cum
2482 2275 2707 2324 omnes

595 2382 818 2466 partus
859 2396 992 2442 non
1036 2398 1165 2444 uno
1210 2359 1504 2469 tempore
1546 2375 1702 2445 fiant
1741 2377 1995 2459 maturi,
2030 2398 2161 2443 una
2201 2383 2419 2441 tamen
2449 2372 2716 2441 eadem«

601 2512 727 2583 que
763 2500 1061 2580 tempora
1104 2493 1397 2561 omnibus
1443 2493 1918 2562 conformandis
1964 2493 2312 2573 dederunt3
2354 2498 2427 2556 ut
2466 2487 2714 2578 Dioge·

600 2622 717 2671 nes
759 2592 1229 2694 Apolloniates,
1286 2609 1403 2700 qui
1438 2607 1743 2677 masculis
1787 2595 2022 2699 corpus
2067 2609 2154 2672 ait
2197 2592 2500 2697 quattuor
2531 2625 2718 2669 men-

526 2750 584 2792 20
606 2720 780 2787 sibus
825 2721 1088 2788 formari
1131 2731 1198 2788 et
1237 2724 1491 2793 feminis
1535 2725 1835 2816 quinque,
1873 2722 1984 2790 vel
2023 2721 2305 2813 Hippon,
2342 2720 2470 2811 qui
2493 2716 2716 2784 diebus

603 2833 732 2901 LX
772 2835 1084 2904 infantem
1135 2837 1352 2905 scribit
1404 2841 1700 2923 formari,
1761 2847 1828 2905 ct
1887 2846 2112 2930 quarto
2171 2858 2398 2903 mense
2458 2854 2721 2901 carnem

605 2949 741 3016 fieri
787 2961 1177 3036 concretam,
1214 2955 1432 3046 quinto
1465 2978 1719 3045 ungues
1752 2953 2183 3045 capillumque
2213 2950 2415 3035 nasci,
2446 2949 2720 3038 septimo

607 3065 737 3132 iam
779 3063 1106 3134 hominem
1165 3091 1310 3136 esse
1367 3070 1761 3160 perfectum:
1818 3066 2222 3159 Pythagoras
2275 3073 2494 3131 autem
2550 3060 2721 3155 quod
2745 3074 2782 3127 3

611 3291 649 3348 5
677 3290 829 3350 effic.
857 3299 989 3353 sunt
1101 3298 1140 3352 7
1164 3285 1311 3352 καθ’
1340 3286 1507 3372 {Zefy-
1625 3293 1701 3351 14
1727 3294 2050 3351 inscribitur
2163 3294 2237 3351 19
2263 3307 2440 3347 masc.
2465 3290 2545 3347 ait
2565 3306 2725 3367 corp.

619 3543 655 3599 5
776 3580 791 3596 .
814 3545 952 3596 sunt
1030 3541 1068 3598 l.
1180 3566 1185 3569 ·
1224 3544 1263 3599 7
1302 3501 1597 3617 xmg‘gay.
1619 3541 1692 3598 R.
1848 3544 1885 3601 9
1927 3531 2149 3612 ἕπτάμ.
2177 3557 2287 3597 om.
2311 3554 2367 3612 g.
2522 3527 2728 3590 AIA-

618 3613 703 3675 M
779 3612 946 3676 TPO
1059 3618 1133 3675 R.
1328 3623 1403 3676 10
1452 3617 1862 3677 ennealamffm
1911 3616 1986 3674 D.
2155 3610 2489 3672 teumlmoi
2538 3609 2613 3666 D.

623 3696 854 3750 Graeca
893 3713 1004 3752 om.
1045 3714 1082 3771 g
1122 3696 1311 3773 spatio
1351 3696 1573 3753 relicto.
1742 3699 1815 3753 13
1856 3696 2014 3772 opin.
2055 3710 2166 3749 om.
2207 3690 2246 3748 l.
2408 3691 2599 3746 Varro
2637 3687 2729 3754 „in

620 3772 950 3846 logistorico
993 3774 1089 3848 qui
1128 3771 1455 3830 inscribitur
1492 3774 1732 3829 Tubero
1772 3770 1846 3830 de
1888 3770 2106 3847 origine
2139 3765 2425 3825 humana”
2465 3763 2735 3821 laudatur

623 3850 795 3906 etiam
832 3847 1026 3906 Probo
1067 3847 1143 3905 ad
1183 3848 1288 3906 Vir
1328 3890 1344 3907 .
1386 3849 1494 3908 ecl.
1524 3849 1626 3919 VI,
1647 3852 1741 3907 31.
1899 3847 1975 3913 14
2013 3849 2173 3905 intus
2208 3842 2420 3902 subscr.
2460 3840 2544 3910 D,
2580 3842 2734 3897 ἰπῠιιε

622 3927 797 3986 inser.
839 3943 894 4000 g,
932 3927 1089 3983 intus
1127 3942 1242 3984 sor.
1336 3924 1377 3983 1.
1496 3928 1569 3986 15
1610 3925 1758 4001 quod
1795 3924 1871 3983 ad
1907 3942 1962 3982 v.
2041 3940 2089 3981 r.
2112 3920 2372 3980 videatur
2407 3936 2530 3976 noc.
2571 3916 2730 3973 Cau-

627 4001 809 4059 chius.
925 4005 1226 4079 proximae
1247 4004 1322 4061 D.
1440 4007 1514 4062 16
1556 4003 1663 4060 alit
1683 4002 1760 4060 cf.
1783 4002 1936 4059 Plut.
1960 4020 1999 4080 p
2027 4042 2041 4056 .
2064 3997 2164 4079 ph.
2188 3996 2264 4067 V,
2284 4000 2379 4055 23.
2406 3993 2616 4052 Galen.
2639 3994 2730 4051 36.

629 4081 706 4135 20
742 4085 807 4134 ut
843 4080 1020 4154 Hipp.
1061 4080 1173 4156 gla.
1292 4084 1369 4139 22
1406 4078 1734 4159 copulamus
1769 4076 1952 4148 mon,
1991 4072 2296 4154 copiamve
2323 4092 2380 4151 g,
2418 4070 2676 4148 capiatve
2695 4069 2732 4125 l.

627 4153 992 4230 capillumque
1031 4157 1251 4216 Carrio.
2333 4171 2344 4181 ·
