3025 4925
596 431 711 471 xm
1324 413 1942 476 PROLEGOMENA.

594 580 946 671 adiectae,
1013 601 1179 676 quas
1243 579 1357 653 ubi
1420 581 1620 654 codd.
1691 584 1906 657 nostri
1984 605 2224 659 omnes
2276 585 2708 680 agnoscunt,

592 708 779 782 nolui
830 729 1226 799 removere,
1280 707 1406 781 sed
1456 711 1651 783 uncis
1705 719 1961 782 tantum
2009 709 2277 802 inclusi,
2333 736 2532 810 quam
2580 738 2709 788 ra-

591 840 846 910 tionem
912 837 1130 908 maior
1194 837 1509 911 minorve
1573 836 1869 911 diversis
1950 836 2121 912 locis
2196 840 2558 915 certitudo·
2589 852 2712 915 aut

591 966 744 1038 veri
797 962 1159 1037 similitudo
1213 963 1508 1038 suadere
1562 961 1923 1037 videbatur
1950 964 2061 1057 ὓ).
2179 966 2312 1040 Vel
2363 967 2476 1041 hic
2527 991 2709 1042 con-

592 1113 838 1166 sensus
893 1091 1130 1181 docet,
1196 1101 1269 1163 ut
1319 1113 1525 1187 supra
1573 1093 1709 1196 iam
1762 1095 2031 1184 monui,
2087 1116 2210 1168 eos
2264 1094 2542 1169 codices
2592 1097 2709 1190 qni

586 1241 769 1291 nunc
792 1298 799 1310 ,
821 1227 1092 1293 exstant
1145 1240 1238 1291 ex
1289 1218 1538 1290 eodem
1584 1218 1958 1315 archetypo
2011 1218 2358 1294 derivatos
2411 1244 2591 1296 esse.

739 1345 1038 1420 Codices
1096 1368 1313 1437 vero,
1379 1347 1492 1441 qui
1557 1347 1627 1418 in
1696 1347 1999 1419 notitiam
2062 1369 2284 1421 meam
2339 1360 2706 1441 venerunt,
2771 1371 2780 1378 ·

584 1473 653 1545 hi
705 1484 880 1548 sunt.

740 1599 990 1674 Codex
1053 1599 1212 1674 olim
1278 1599 1843 1674 Coloniensis
1906 1620 2088 1672 nunc
2148 1602 2219 1671 in
2289 1598 2702 1674 bibliotheca

586 1727 1261 1801 Darmstadiensi
1288 1737 1629 1819 servatus,
1656 1750 1721 1799 n.
1751 1726 1894 1800 166
1924 1725 2115 1800 catal.
2134 1727 2691 1801 Hartzheimiani.

586 1855 717 1927 Hic
771 1855 999 1928 codex
1051 1856 1344 1928 omnium
1410 1855 1908 1950 antiquissimus
1961 1856 2251 1950 scriptus
2305 1865 2411 1927 est
2459 1854 2700 1928 litteris

584 1981 962 2058 uncialibus
1007 1985 1078 2055 in
1120 1982 1533 2056 membranis
1569 1983 1910 2054 maximae
1947 1980 2215 2054 formae
2251 1981 2486 2056 seculo
2525 2001 2700 2079 sep-

584 2111 768 2183 t-imo.
837 2110 1005 2185 Post
1033 2108 1527 2183 Consultum
1555 2109 2263 2182 Fortunatianum
2296 2110 2700 2205 atqueMa—

581 2238 790 2308 rium
814 2237 1348 2310 Victorinum
1384 2236 1636 2329 legitur
1663 2232 2084 2309 Censorinus
2120 2257 2272 2307 cum
2307 2235 2697 2331 fragmento

581 2362 763 2438 foliis
796 2361 1486 2456 ΧΧΧ(282-262).
1543 2359 1818 2434 Librum
1857 2363 2229 2458 pretiosum
2272 2386 2470 2460 quam
2510 2367 2701 2463 potui

580 2494 1090 2566 accuratissime
1151 2491 1403 2565 contuli
1469 2512 1623 2561 cum
1677 2489 1977 2563 editione
2028 2473 2520 2587 Lindenbrogii
2570 2516 2699 2568 se·-

581 2619 801 2693 cunda
856 2641 917 2689 a.
972 2617 1211 2708 1642,
1263 2638 1662 2712 quamquam
1712 2625 1953 2713 postea
2005 2616 2150 2689 vidi
2204 2640 2317 2690 me
2365 2620 2441 2690 in
2489 2618 2696 2694 rebus

578 2744 1122 2841 orthographicis
1175 2765 1318 2817 non
1366 2745 1595 2816 omnia
1649 2764 1734 2815 ea
1786 2765 1916 2838 qua
1965 2766 2093 2839 par
2145 2754 2295 2818 erat
2348 2744 2696 2841 diligentia

578 2882 923 2947 enotasse.
1054 2870 1297 2965 Neque
1376 2867 1716 2966 supplevit
1793 2869 1973 2943 hunc
2061 2869 2403 2944 defectum
2481 2873 2695 2947 altera
2755 2904 2776 2915 =

578 3001 884 3076 eiusdem
926 2999 1182 3073 codicis
1222 2996 1518 3088 collatio,
1555 3020 1750 3093 quam
1777 3019 1918 3071 non
1945 3000 2204 3093 petenti
2235 3008 2480 3095 postea
2512 3002 2692 3075 misit
2807 3016 2816 3022 ·

576 3129 735 3203 Fed
752 3151 895 3201 eru
913 3150 972 3218 S,
999 3123 1322 3199 aWalth
1339 3148 1506 3215 ero,
1531 3123 1984 3199 bibliothecae
2002 3128 2379 3201 secretario
2406 3124 2687 3198 factamz

576 3256 700 3331 scd
754 3267 980 3329 tamen
1030 3262 1422 3349 pergratum
1472 3251 1634 3323 mihi
1683 3251 1818 3325 hoc
1859 3273 2101 3326 munus
2149 3251 2297 3345 fuit,
2335 3273 2491 3325 nam
2542 3253 2687 3328 eius

574 3405 709 3481 ope
762 3382 1012 3455 factum
1066 3391 1195 3472 est,
1247 3389 1319 3453 ut
1365 3381 1452 3454 de
1501 3377 1800 3453 lectione
1846 3378 2102 3454 codicis
2155 3401 2497 3476 nunquam
2550 3381 2687 3454 du·-

570 3510 789 3584 bitare
839 3512 1122 3607 possim,
1177 3519 1246 3584 et
1281 3506 1627 3582 affirmare
1673 3507 1960 3579 audeam
1995 3517 2276 3603 praeter
2311 3507 2684 3605 orthogra-

570 3637 766 3736 phica
802 3637 1132 3734 quaedam
1167 3658 1408 3711 omnes
1451 3635 1709 3710 codicis
1745 3634 2080 3710 lectiones
2115 3634 2470 3711 adnotatas
2501 3657 2681 3712 esse.

572 3767 832 3841 Codice
880 3764 1279 3839 Coloniensi
1318 3784 1481 3837 usus
1518 3772 1623 3837 est
1666 3762 2146 3837 Ludovicus
2187 3761 2514 3856 Carrio,
2555 3762 2681 3838 sed

569 3886 929 3969 admodum
981 3893 1470 3990 neglegenter,
1529 3892 1619 3964 ita
1664 3901 1738 3962 ut
1792 3888 1999 3963 editio
2055 3891 2238 3982 eius,
2306 3911 2480 3985 quae
2532 3888 2681 3962 Lu-

644 4156 695 4229 *)
740 4157 832 4213 Cf.
874 4177 933 4234 p.
960 4159 1129 4223 3,11.
1176 4159 1265 4224 10,
1288 4157 1344 4212 7.
1389 4158 1480 4224 12,
1503 4157 1558 4209 6.
1603 4152 1806 4219 37‚15.
1851 4154 2058 4218 38‚23.
2099 4152 2300 4223 4219.

2999 0 3015 1816 —fflssb-ss—
