3025 4925
907 412 1014 473 DE
1049 410 1182 473 mn
1221 410 1512 474 NATALI
1555 414 1722 473 CAP.
1746 418 1841 474 17.
2346 419 2424 479 47

189 664 192 667 Δ
310 579 482 646 lares
519 570 765 644 eitaelis
795 572 1053 666 regibus
1080 574 1231 667 post
1250 573 1531 643 Romam
1558 575 1884 644 conditam
1914 577 2422 649 onnisCCXLV

227 700 236 711 ’
309 714 350 762 ει
391 692 656 762 Valerio
698 689 1032 759 Publicola
1083 692 1407 759 instimtos
1467 714 1615 759 esse
1658 701 1684 729 ³
1727 698 1753 727 *
1816 691 1898 759 ad
1940 693 2022 759 Χ
2031 692 2095 759 V
2136 695 2422 763 virorum

305 800 839 885 commentarium
881 811 1054 874 anno
1095 804 1693 875 CCLXXXXVIII
1745 806 1830 875 M.
1875 807 2137 877 Valerio
2178 809 2419 899 Spurio

279 916 620 1012 -verginio
655 918 844 989 Coss.
892 929 917 956 *
964 928 988 957 *
1015 918 1206 987 ‘mmo
1249 920 1399 1010 post
1438 919 1664 989 unbem
1709 921 2032 989 eonditum
2076 931 2306 991 octavo
2352 932 2421 993 et

246 1067 276 1106 s
307 1030 1012 1127 quadringentensimo,
1054 1045 1129 1103 ut
1169 1056 1325 1104 veru
1367 1036 1435 1104 in
1478 1038 1951 1104 conmentariis
1973 1036 2106 1106 XV
2132 1038 2419 1105 virorum

299 1152 616 1241 scriptum
669 1160 771 1217 est
817 1172 987 1225 anno
1032 1148 1269 1219 CCCC
1323 1161 1389 1218 et
1443 1150 1693 1218 decimo
1748 1152 1833 1219 M.
1878 1151 2140 1220 Valerio
2199 1151 2413 1221 Corvo

298 1260 353 1332 11
396 1265 471 1332 C.
504 1262 777 1334 Poetilio
814 1264 1000 1332 Coss.
1089 1265 1290 1333 Tertii
1330 1266 1465 1334 ludi
1506 1268 1765 1334 fuerunt
1806 1269 2061 1334 Antiate
2100 1265 2417 1358 Livioque

299 1379 671 1447 aucton'bus
727 1380 800 1447 P.
848 1377 1121 1447 Claudio
1162 1379 1443 1448 Pulchro
1503 1378 1581 1448 L.
1623 1381 1803 1449 Iunio
1844 1380 2035 1449 Pullo
2082 1382 2270 1449 Coss.
2317 1389 2341 1416 *
2382 1387 2411 1416 *

292 1587 336 1645 2
365 1602 493 1641 esse
516 1582 784 1641 Valerius
806 1584 1004 1643 Antias
1029 1584 1136 1641 ait:
1162 1592 1223 1641 at
1243 1583 1356 1641 XV
1370 1613 1398 1624 -
1416 1583 1657 1641 virorum
1774 1587 1810 1639 3
1835 1585 2223 1643 commentarii
2244 1584 2408 1641 annis

292 1659 333 1717 4
378 1679 524 1716 coss.
567 1660 851 1718 secundos
891 1656 1077 1729 ludos,
1121 1670 1181 1715 ut
1219 1658 1416 1716 Antias
1456 1658 1592 1729 vult,
1635 1679 1783 1717 anno
1811 1680 1871 1739 p.
1901 1680 1955 1717 u.
1986 1681 2035 1717 c.
2065 1661 2260 1736 quinto
2287 1670 2405 1717 tre-

293 1737 610 1794 centesimo
754 1742 792 1794 6
813 1756 962 1794 anno
991 1745 1192 1794 octavo
1215 1746 1279 1794 et
1309 1736 1871 1812 quadringentesimo
2006 1732 2253 1795 Corvi-n

292 1817 334 1872 8
371 1813 440 1870 C.
464 1813 624 1879 Iunio
780 1833 929 1872 coss.
954 1822 1053 1871 aut
1074 1815 1214 1871 utin
1237 1814 1392 1872 libris
1429 1814 2002 1889 quindecimvirorum
2024 1814 2297 1893 scriptum
2320 1824 2409 1875 est

287 1974 331 2032 2
378 1972 509 2032 Vae.
550 1972 715 2034 publ.
759 1976 1061 2033 Consen‘tit
1099 1970 1311 2032 Zosim.
1353 1974 1431 2043 11,
1456 1977 1514 2032 4.
1557 1985 1617 2032 et
1650 1984 1719 2031 ut
1756 1974 1979 2032 videtur
2015 1976 2223 2033 Festus
2262 1995 2310 2033 ε.
2353 1994 2404 2032 v.

273 2055 460 2113 ¹8⁶0&
501 2051 626 2111 ludi
661 2072 721 2130 p.
749 2056 890 2112 329:
944 2062 1147 2127 quarto
1196 2050 1530 2109 Publicolae
1584 2052 1909 2109 consulatui
1951 2053 2041 2127 (a.
2067 2050 2220 2126 250)
2263 2053 2401 2109 ads—

289 2129 461 2184 cribit
506 2126 795 2185 Plutarch.
848 2130 906 2185 in
955 2128 1069 2185 vita
1121 2130 1242 2185 eius
1285 2147 1333 2184 c.
1363 2131 1456 2184 21.
1618 2130 1734 2185 XL
1771 2127 2026 2186 virorum
2062 2129 2249 2205 DRgl.
2351 2138 2372 2146 “

290 2208 333 2261 3
374 2211 502 2260 ante
537 2204 587 2271 l,
627 2208 709 2262 αῐῖ
734 2224 789 2280 g.
916 2204 1494 2263 GGLxxxanll
1508 2202 1675 2280 DRg.
1720 2204 1876 2280 quod
1907 2206 2238 2263 mutandum
2261 2218 2402 2265 erat.

287 2281 334 2339 4
369 2279 510 2339 Post
550 2299 693 2340 coss.
736 2283 947 2340 omissa
985 2290 1075 2338 est
1111 2282 1324 2339 inentio
1374 2281 1755 2339 secundorum
1793 2280 2058 2339 ludorum
2098 2293 2156 2341 et
2200 2293 2400 2341 aucto-

285 2376 432 2413 rum.
608 2361 643 2415 5
685 2358 1151 2433 quadraginsimo
1189 2358 1262 2415 D.
1309 2360 1465 2415 VIII
1486 2365 1540 2414 et
1564 2358 1679 2415 XL
1718 2357 1848 2433 Rgl.
1991 2360 2116 2417 XII
2137 2361 2241 2417 vir.
2270 2361 2401 2435 Rgl.

282 2452 341 2491 v.
373 2437 464 2502 17,
486 2437 541 2492 8.
669 2439 705 2491 6
753 2437 1021 2493 cumino
1059 2436 1185 2503 DR,
1230 2437 1469 2494 Corvino
1508 2453 1563 2510 g.
1606 2435 1788 2494 Corvo
1823 2435 2040 2494 Manut.
2177 2441 2215 2495 7
2254 2440 2406 2496 Poe-

284 2511 464 2569 taelio
502 2511 575 2568 D.
626 2511 750 2568 Sed
790 2512 978 2569 locum
1016 2517 1304 2569 turbatum
1344 2531 1502 2580 esse,
1553 2531 1669 2569 non
1721 2519 1913 2591 potest
1965 2532 2095 2570 esse
2147 2509 2399 2572 dubium.

279 2587 439 2644 Nam
479 2588 589 2644 XV
627 2589 777 2645 viros
819 2597 1266 2646 consentaneum
1315 2597 1405 2644 est
1444 2588 1710 2664 posuisse
1746 2605 1954 2645 annum
1991 2610 2044 2646 u.
2080 2590 2398 2664 c.Varron.

279 2666 432 2732 408,
473 2664 632 2720 cuius
686 2666 821 2721 anni
872 2684 1020 2722 coss.
1062 2663 1375 2722 secundum
1422 2667 1606 2722 fastos
1660 2663 1941 2741 Capitol„
1993 2667 2128 2723 item
2175 2667 2398 2726 Livitun

282 2740 411 2807 Vll,
447 2744 540 2800 27.
590 2740 765 2798 Diod.
807 2742 1073 2809 XV1,72
1120 2742 1351 2798 fuerunt
1398 2737 1479 2798 M.
1532 2739 1874 2804 Valerius
1928 2743 2200 2800 Corvus
2250 2743 2299 2799 11
2340 2755 2398 2802 et

285 2816 362 2874 C.
400 2817 774 2875 Poetelius
814 2819 1023 2885 Libo,
1073 2818 1208 2874 anni
1246 2817 1361 2876 410
1400 2827 1593 2875 autem
1634 2818 1704 2875 C.
1745 2817 2058 2875 Marcius
2099 2819 2393 2876 Rutilus

281 2894 365 2949 111
404 2903 462 2950 et
499 2893 574 2950 Τ.
603 2894 910 2950 Manlius
951 2891 1391 2971 Imperiosus
1435 2894 1852 2969 Torquatus
1891 2895 1970 2962 11,
2011 2897 2249 2952 testibus
2291 2897 2391 2952 iis-

282 2969 420 3026 dem
467 2969 663 3039 sastss,
710 2970 872 3028 Livio
910 2970 1154 3039 V11‚28.
1207 2969 1379 3026 Diod.
1420 2969 1586 3036 XVI,
1620 2970 1714 3029 74.
1793 2971 1999 3027 Festus
2043 2980 2231 3027 antem
2272 2971 2309 3029 l.
2353 2974 2392 3030 l.

279 3043 451 3104 ludos
494 3047 840 3104 Tarentinos
881 3046 1129 3124 Popillio
1167 3049 1424 3106 Laenate
1460 3065 1578 3103 cos».
1621 3044 1892 3124 repetitos
1932 3045 2189 3105 indicare
2229 3048 2391 3106 vide-

277 3133 393 3178 tur.
472 3123 589 3192 Qui
628 3143 756 3180 cum
796 3143 866 3181 eo
912 3134 1171 3201 tempore
1210 3124 1528 3180 institutum
1570 3122 1740 3190 dicat,
1782 3130 2011 3180 centum
2047 3129 2177 3198 post
2208 3143 2393 3186 annos

279 3205 350 3255 αι
387 3199 578 3258 denuo
618 3209 939 3276 agerentur,
979 3199 1411 3266 Lachmannus,
1452 3200 1587 3274 quia
1628 3198 1701 3256 (le
1740 3197 1890 3256 ludis
1932 3219 1986 3258 a.
2028 3202 2140 3258 505
2182 3210 2239 3258 et
2278 3206 2390 3260 605
2447 3197 2463 3213 '

279 3276 426 3332 actis
458 3276 596 3332 satis
639 3286 794 3336 certa
832 3278 1107 3334 memoria
1145 3285 1251 3345 est,
1294 3285 1556 3351 quartum
1582 3276 1660 3332 Μ.
1692 3275 1924 3353 Popillii
1948 3278 2219 3335 Laenatis
2250 3298 2387 3336 con-

279 3351 529 3408 sulatum
567 3352 1000 3429 intelligendum
1034 3351 1375 3430 suspicatur,
1419 3352 1516 3428 qui
1558 3352 1760 3410 incidit
1784 3355 1843 3410 in
1863 3371 1915 3410 a.
1941 3352 2074 3422 406,
2100 3373 2213 3429 quo
2239 3373 2388 3412 anno

277 3428 405 3485 Liv.
433 3428 556 3494 VII,
575 3432 651 3488 27
691 3423 1076 3508 pestilentiam
1100 3440 1160 3487 et
1179 3448 1252 3486 ex
1268 3429 1427 3486 libris
1451 3427 1745 3504 Sibyllinis
1770 3429 2178 3487 lectisternium
2207 3431 2388 3488 finisse

280 3503 476 3562 refert.
518 3505 537 3561 i
642 3525 712 3562 ue
751 3513 805 3562 et
839 3508 1184 3581 nonagensi,
1235 3505 1391 3582 quod
1442 3513 1532 3563 est
1579 3506 1736 3583 apud
1784 3506 2046 3574 Festum,
2087 3508 2385 3572 itainter-

273 3514 781 3658 pretaturtffliudos
833 3583 1177 3640 instauratos
1228 3602 1358 3640 esse
1413 3600 1564 3639 anno
1614 3585 1920 3657 viyensiino
1972 3593 2105 3660 post
2144 3583 2199 3639 X
2238 3587 2387 3642 viros

278 3675 570 3713 sacrorum
609 3657 924 3726 institutos,
974 3658 1036 3716 id
1088 3668 1177 3716 est
1223 3668 1357 3737 post
1396 3677 1449 3715 a.
1493 3658 1736 3716 Varron.
1779 3662 1910 3716 386.
1961 3658 2083 3717 Sed
2124 3659 2385 3718 Zosimus

275 3732 346 3800 11,
372 3734 412 3791 4
449 3733 735 3790 secundos
775 3734 942 3791 ludos
984 3735 1178 3792 scribit
1228 3744 1386 3792 actos
1439 3753 1570 3792 esse
1623 3727 1738 3791 ἔτει
1776 3730 1933 3805 μετὰ
1975 3730 2080 3791 τὸν
2120 3737 2230 3808 τῆς
2273 3732 2387 3791 πό-

276 3810 430 3876 λεως
488 3806 772 3881 οἰκισμὸν
824 3806 918 3867 ἐπὶ
984 3808 1361 3886 τριακοσίοις
1422 3811 1812 3891 πεντηκοστῷ
1860 3808 1961 3868 καὶ
2016 3809 2280 3892 δευτέρῳ
2311 3846 2387 3854 —-

274 3879 555 3960 Μάρκου
591 3883 878 3946 Ποπλίου
921 3881 988 3945 τό
1032 3882 1321 3965 τέταρτον
1360 3875 1789 3955 ὑπατεύοντος.
1834 3890 1929 3945 ubi
1966 3890 2204 3946 Leuncl.
2239 3909 2384 3947 corr.

272 3956 551 4038 Μάρκου
591 3959 888 4021 Ποτίτου.
930 3974 990 4023 et
1028 3983 1166 4022 sane
1207 3983 1356 4020 anno
1401 3963 1654 4040 Capitol.
1694 3968 1808 4024 352
1846 3965 1916 4021 L.
1958 3965 2224 4021 Valerius
2264 3965 2383 4022 Ρο-

269 4041 407 4100 titus
443 4037 526 4097 IV
578 4041 707 4098 trib.
748 4041 863 4097 mil.
906 4060 957 4098 c.
998 4062 1059 4119 p.
1100 4040 1244 4108 suit,
1294 4049 1354 4097 et
1399 4041 1660 4118 proximo
1714 4060 1863 4097 anno
1918 4041 2044 4116 (qui
2086 4051 2174 4097 est
2214 4042 2382 4104 Varr.

268 4114 423 4188 354)
474 4117 670 4174 Livius
712 4118 783 4183 V,
823 4122 894 4175 13
937 4117 1339 4175 lectisternium
1394 4126 1527 4172 tunc
1581 4118 1823 4193 primum
1870 4116 1930 4172 in
1983 4119 2119 4174 urbe
2169 4118 2382 4178 factum

266 4193 461 4259 tradit,
500 4192 606 4251 sed
631 4213 744 4250 non
773 4193 889 4249 Diti
911 4212 979 4250 ac
1004 4191 1405 4270 Proserpinae.
1567 4198 1603 4250 8
1644 4196 1716 4254 L.
1746 4195 1912 4251 lunio
1934 4192 2119 4267 DRgl.
2150 4196 2223 4268 cf.
2252 4195 2380 4256 Ou-
