3025 4925
638 411 718 466 88
1286 398 1753 459 ΡΚΑΘΜΕΝΤΙ
1790 399 1960 459 CAP.
1989 405 2081 459 10.

636 566 762 635 bro
800 585 994 657 quem
1035 560 1402 652 composuit
1441 558 1527 627 de
1567 560 1831 632 musice.
1899 560 2161 631 tratrem
2178 557 2597 650 Rhythmenii
2619 569 2757 631 tta·

638 675 730 744 dit
768 676 1238 765 Hymenaeum,
1280 674 1703 765 Rhyummin·
1733 684 1951 761 autem
1983 684 2049 743 et
2072 675 2417 756 Chloridis,
2460 676 2755 749 Tiresiae

635 789 825 874 filiae,
863 789 1380 880 Periclymenum
1424 799 1491 857 et
1532 790 1975 871 Perimedem,
2014 790 2125 882 qui
2161 789 2409 881 primun
2446 790 2761 865 cecinerit

636 928 742 974 res
784 915 1002 996 gestas
1040 904 1314 974 heroum
1355 905 1617 975 musicis
1660 903 1971 973 cantibus).
2036 964 2039 973 .
2114 942 2121 945 -

583 1119 612 1159 ⁵
1377 1080 1501 1154 XI.
1587 1104 1676 1152 DE
1732 1102 2010 1153 nusch.

808 1229 1056 1299 Musica
1102 1238 1202 1296 est
1244 1229 1470 1319 peritia
1522 1228 1964 1297 faciendorum
2007 1236 2074 1297 et
2116 1228 2554 1296 canendorum
2611 1252 2757 1297 mo-

635 1344 884 1415 dorum.
955 1344 1090 1412 eius
1135 1352 1350 1434 partes
1385 1340 1781 1429 harmonica,
1819 1342 2145 1437 organica,
2170 1342 2546 1433 rhythmica,
2572 1367 2756 1412 crus-

633 1461 890 1528 matica.
979 1459 1323 1527 crusmata
1365 1455 1592 1547 pulsus
1641 1457 1860 1526 decori
1900 1460 2039 1525 sine
2083 1457 2367 1527 carmine
2407 1467 2761 1542 vocantur3

635 1572 971 1641 harmonia
1017 1582 1116 1639 est
1149 1573 1605 1654 consonantia3
1652 1572 1956 1662 organica
1981 1578 2006 1601 ¹¹
2039 1578 2063 1606 ¹*
2107 1569 2467 1661 Rhythmos
2505 1571 2758 1640 Graece

558 1714 616 1754 ιο
641 1695 860 1754 motus
906 1685 1135 1753 dicitur
1175 1682 1437 1767 Latine,
1492 1687 1860 1753 nominatur
1913 1708 2070 1755 vero
2123 1685 2203 1753 ab
2259 1708 2337 1755 eo
2383 1685 2560 1778 quod
2597 1685 2820 1755 fluat2

637 1867 669 1920 1
714 1860 789 1920 de
826 1860 1049 1918 Musico
1088 1858 1268 1917 fratre
1306 1858 1448 1917 Rha
1615 1864 1653 1917 2
1693 1860 1989 1934 Hymenae
2028 1857 2390 1916 Varrithonis
2431 1866 2621 1917 autem

638 1939 884 1997 Tiresae
985 2002 990 2009 ι
1074 1940 1115 1995 7
1152 1935 1466 2011 rhytlunica
1509 1954 1619 1996 ont.
1812 1942 1848 1996 9
1890 1935 2205 2012 organica,
2241 1934 2487 2011 rhythm.

639 2018 716 2073 10
754 2013 961 2071 modus
1115 2030 1313 2070 versus

636 2171 755 2226 nice
792 2185 849 2242 g,
887 2172 940 2223 et
977 2167 1268 2225 ianomaeae
1303 2185 1377 2225 m.
1418 2165 1721 2226 Idomenaa
1760 2185 1970 2224 nomen
2006 2165 2167 2225 haud
2203 2165 2460 2245 ineptum
2501 2166 2758 2238 videtur;

640 2264 712 2302 eo
765 2244 1078 2299 vocabatur
1124 2242 1509 2334 Melampodis
1560 2252 1744 2301 mater
1796 2242 2102 2376 (ffiollod.
2143 2242 2197 2310 1,
2236 2248 2291 2311 9,
2332 2239 2465 2316 11),
2515 2252 2575 2301 et
2621 2247 2761 2302 urbs

640 2318 926 2397 quaedam
967 2317 1045 2375 ad
1081 2319 1284 2376 Axium
1324 2328 1434 2378 sxta
1485 2319 1751 2398 (Miiller.
1791 2319 1852 2376 M
1930 2318 2024 2376 ed.
2065 2322 2241 2398 p.53.
2294 2319 2574 2379 Klausen.
2614 2321 2758 2379 Aen.

641 2417 702 2477 p.
730 2394 845 2454 444
866 2390 1005 2529 aab).
1121 2395 1398 2473 nymphae
1430 2400 1682 2454 maricae
1717 2394 1883 2472 DRg.
1926 2414 2071 2452 corr.
2113 2395 2367 2453 Lobeck.
2397 2395 2436 2453 1.
2464 2395 2506 2453 l.
2639 2398 2760 2455 Ni-

641 2475 887 2532 coca-atis
981 2473 1091 2548 Rg.
1132 2472 1291 2529 Idem
1331 2473 1601 2531 laudatur
1640 2491 1675 2529 a
1711 2472 1915 2550 Steph.
1937 2472 2080 2548 Byz.
2107 2495 2154 2532 s.
2178 2492 2230 2530 v,
2258 2469 2555 2543 Βοιωτία,
2577 2473 2761 2531 schol.

641 2549 832 2629 Apoll.
852 2548 965 2607 Rh.
994 2547 1036 2618 Ι,
1064 2553 1198 2608 831.
1225 2549 1300 2607 cf.
1327 2550 1752 2608 Westermann.
1785 2550 1861 2606 ad
1881 2549 2053 2607 Voss).
2083 2549 2155 2607 de
2180 2548 2313 2606 hist.
2337 2568 2528 2625 graec.
2598 2550 2761 2609 ‚475.

645 2632 679 2686 1
720 2628 905 2684 nausia
945 2623 1130 2697 fratre
1148 2624 1224 2706 D,
1263 2627 1477 2684 musico
1516 2624 1700 2698 fratrc
1717 2625 1828 2704 Rg.
1873 2625 2135 2703 Cogitavi
2174 2626 2346 2683 etiam
2385 2625 2460 2685 de
2500 2570 2761 2695 nfusaeo,

645 2720 835 2778 neque
877 2700 1278 2760 affirmaverim
1317 2703 1504 2759 locum
1545 2721 1589 2762 a.
1619 2721 1711 2759 me
1750 2711 2119 2780 persanatum
2160 2721 2309 2760 esse.
2483 2709 2524 2762 2
2572 2702 2763 2774 hyme-

647 2780 1063 2836 naman-monis
1099 2779 1181 2847 D,
1242 2777 1452 2838 {timeae
1488 2781 1652 2837 uerri
1695 2781 1875 2836 Toni-3
1912 2779 1994 2846 R,
2056 2778 2266 2836 himene
2318 2778 2668 2838 uarrithonis
2704 2799 2763 2855 g,

649 2854 803 2911 unde
854 2872 971 2910 non
1017 2855 1184 2912 nimis
1235 2855 1485 2913 violenta
1530 2855 1843 2913 mutatione
1903 2853 2101 2924 effeci,
2152 2854 2309 2944 ‘1⁰⁰³
2359 2874 2537 2933 supra
2572 2857 2762 2934 posui.

648 2927 740 2988 De
779 2933 1098 3002 Hymenaeo
1137 2931 1291 2989 idem
1329 2932 1571 2989 relatum
1611 2933 1682 2988 ab
1726 2931 1840 2989 alio
1880 2950 1996 2988 non
2034 2930 2263 2988 memmi
2291 2930 2541 3007 quidem,
2564 2951 2616 2991 v.
2641 2932 2764 2990 col-

653 3007 807 3065 lecta
847 3026 883 3063 a
920 3006 1140 3064 Vatero
1181 3006 1258 3064 ad
1293 3005 1495 3086 Eurip.
1525 3005 1715 3066 ‘Rhea
1758 3028 1817 3086 p.
1852 3009 1965 3066 308
1987 3026 2146 3084 sqq„
2194 3025 2385 3084 neque
2425 3015 2623 3078 tamen
2656 3029 2765 3066 no·

652 3102 787 3142 men
834 3083 958 3141 eius
1005 3083 1101 3140 hic
1134 3086 1720 3174 ‘prorsus‘absonum
1761 3094 1867 3141 est.
1963 3084 2231 3141 Ceterum
2271 3102 2343 3141 ex
2380 3083 2438 3140 h.
2478 3084 2520 3142 1.
2565 3087 2772 3144 coniici

653 3158 955 3296 {oslsirtfflde
983 3176 1237 3312 1¹3le
1271 3161 1483 3296 mn
1502 3159 1846 3295 ngtltqv'riton,
1888 3179 2036 3294 ςιὲιε
2076 3178 2216 3294 sang
2246 3160 2772 3297 ssagislgnitaoeoetet

709 3255 741 3294 ο
771 3255 803 3294 ο
895 3254 947 3292 w
1134 3277 1148 3292 .
1486 3255 1515 3292 e
1609 3278 1625 3304 ,
1740 3255 1901 3295 resae
2032 3279 2046 3293 .
2303 3255 2418 3294 cmc
2529 3257 2682 3295 onem

655 3312 982 3390 pem-idemem
1001 3312 1129 3380 DR,
1167 3311 1570 3389 por-idemenum
1608 3321 1660 3370 et
1695 3255 2029 3390 pendanum?
2038 3333 2096 3389 g.
2136 3311 2556 3384 Periclymenus
2586 3315 2769 3372 Chlo-

658 3388 799 3448 ridis
839 3387 989 3445 filius
1032 3388 1282 3466 quidem,
1322 3389 1429 3447 sed
1467 3408 1541 3447 ex
1579 3389 1765 3448 Neleo
1804 3388 1973 3467 vulgo
2014 3389 2256 3447 traditur
2297 3388 2503 3466 (Hom.
2534 3390 2651 3451 od.
2672 3392 2755 3449 XI

660 3462 825 3539 285).
866 3466 1179 3523 Perimedes
1216 3475 1404 3524 autem
1443 3466 1701 3542 Argivus,
1739 3473 1917 3545 poeta
1957 3466 2413 3542 antiquissimus,
2450 3467 2774 3526 Demodoci

663 3542 1021 3616 aliorumque
1068 3541 1369 3599 multorum
1418 3561 1511 3600 ma
1555 3544 1690 3600 ’ster
1729 3562 1764 3600 a
1800 3541 2094 3602 Demetrio
2133 3541 2418 3600 Phalereo
2468 3563 2770 3623 nuncupa-

661 3619 850 3686 batur,
890 3616 1069 3674 schol.
1111 3619 1279 3675 Hom.
1322 3616 1439 3677 Od.
1555 3661 1569 3687 ,
1600 3622 1732 3678 267.
1774 3620 1845 3678 cl.
1884 3619 2140 3677 Lobeck.
2181 3618 2308 3696 Agl.
2349 3639 2410 3696 p.
2439 3623 2553 3679 328
2572 3640 2663 3697 sq.

664 3698 702 3754 5
741 3698 885 3753 Item
923 3692 989 3752 de
1023 3697 1243 3753 meusim
1278 3695 1361 3764 R,
1411 3693 1478 3753 de
1523 3693 1784 3771 pao-tibus
1828 3697 2076 3753 musicae
2112 3713 2167 3772 g.
2373 3697 2413 3755 7
2460 3696 2676 3755 rithmo
2716 3718 2773 3777 g.

664 3770 983 3844 rhythmica
1023 3791 1134 3829 om.
1175 3772 1246 3830 R.
1401 3775 1438 3830 8
1476 3775 1596 3830 sive
1632 3772 1899 3830 carminis
1935 3790 1990 3848 g.
2147 3777 2182 3832 9
2222 3774 2519 3832 armonica
2556 3773 2685 3833 DR.

665 3850 937 3924 organica
996 3847 1107 3904 Hic
1165 3847 1450 3923 quaedam
1500 3847 1784 3907 excidisse
1844 3867 1918 3925 ap
1966 3857 2105 3907 aret.
2165 3849 2426 3908 Nunnes.
2475 3849 2776 3930 iungebat:

665 3932 751 3983 eet
786 3926 1151 3985 consonantia
1186 3927 1478 3998 oryanica.
1598 3930 1672 3982 10
1704 3923 1901 3982 modus
1978 3926 2087 4001 Rg,
2129 3924 2287 4001 quod
2303 3926 2443 3983 ferri
2464 3946 2580 3984 non
2600 3948 2777 4007 posse

571 4015 576 4019 ’
668 4003 971 4079 sequentia
1012 4000 1237 4060 docent.
1318 4000 1482 4060 Solet
1564 4000 1754 4058 uidem
1792 4019 2058 4059 numerus
2093 4002 2321 4058 Graeco
2362 3994 2613 4080 ῥυθμός
2650 4026 2775 4064 res-

668 4079 948 4155 pondere,
991 4077 1094 4155 (cf.
1135 4077 1303 4136 Varr.
1348 4078 1504 4157 apud
1598 4079 1729 4136 iom.
1757 4078 1835 4135 111
1864 4098 1923 4157 p.
1943 4073 2080 4151 512)
2125 4076 2231 4135 sed
2272 4097 2321 4135 c.
2351 4084 2494 4148 13‚1
2539 4079 2778 4158 legitur:

668 4159 864 4213 Metro
910 4157 1153 4225 Graece,
1193 4156 1403 4212 Latine
1438 4157 1654 4212 numeri
1690 4162 2002 4228 vocantur,
2054 4163 2112 4212 et
2171 4145 2401 4229 ιυθμὸς
2441 4158 2654 4235 φωνῆς
2692 4153 2783 4215 κί-

669 4248 845 4316 νησις
884 4239 1120 4288 vocatur
1159 4229 1316 4309 apud
1355 4230 1586 4288 Aristid.
1628 4230 1826 4300 Quint.
1868 4230 1940 4289 de
1980 4172 2190 4289 ωαψς
2230 4251 2289 4310 p.
2313 4235 2369 4290 6.
2517 4236 2782 4294 nonninu-
